3371 5070
1566 377 1994 442 ..34-

601 566 852 653 colligi:
941 585 1083 630 cum
1158 565 1425 630 editione
1501 564 1877 629 Bononiensi
1962 562 2110 628 illae
2183 563 2417 645 passim
2493 564 2737 629 tantum
2814 582 2962 630 con-

606 670 843 754 spirant
858 667 958 750 25).

803 771 982 853 Quod
1027 772 1101 835 de
1145 771 1376 836 Aldina
1435 770 1632 835 altera
1676 771 1826 835 anni
1876 769 2149 854 1515s16
2198 807 2280 818 —
2336 771 2629 835 volumen
2684 771 2965 854 primum

598 874 888 941 libellum
918 875 994 939 de
1026 875 1190 938 med.
1220 874 1264 939 f.
1292 873 1612 938 continens
1641 873 2018 955 impressum
2050 875 2144 938 est
2173 891 2387 939 mense
2401 873 2566 938 Maio
2598 891 2655 937 a.
2685 872 2851 937 1515
2875 909 2960 920 —-

602 976 1060 1058 circumfertur,
1106 975 1516 1060 Naugerium,
1542 976 1651 1058 (161
1683 993 1821 1041 66111
1853 977 2112 1054 curavit,
2144 977 2207 1039 in
2238 976 2356 1040 hoc
2386 976 2683 1058 opusculo
2729 978 2964 1056 optimo

595 1081 806 1146 codice
849 1099 1034 1145 usum
1078 1099 1212 1145 esse
1226 1078 1327 1163 ⁹⁶),
1374 1079 1535 1143 mihi
1581 1079 1833 1161 quidem
1863 1096 2258 1161 nequaquam
2286 1081 2616 1158 probatur3
2663 1079 2857 1144 immo
2902 1080 2968 1144 id

598 1183 796 1262 video,
844 1182 1232 1265 Naugerium
1275 1183 1446 1247 haud
1491 1200 1631 1246 raro
1677 1185 1900 1263 poetae
1929 1176 2121 1247 'verba
2167 1183 2355 1247 tacite
2400 1184 2693 1248 audacter
2735 1181 2965 1248 immu-

595 1287 760 1351 tasse
820 1304 894 1352 ac
958 1287 1288 1367 lectiones,
1365 1304 1523 1368 quae
1581 1305 1734 1350 num
1794 1287 2045 1350 omnino
2104 1287 2170 1350 in
2224 1285 2400 1352 libris
2459 1304 2652 1351 manu
2719 1288 2965 1370 scriptis

596 1391 838 1454 exstent
882 1389 1157 1456 dubitari
1201 1390 1382 1468 licet,
1427 1389 1795 1453 inculcasse.
1864 1388 2080 1469 quodsi
2127 1387 2275 1469 quid
2319 1389 2386 1452 in
2430 1387 2543 1453 illa
2587 1391 2682 1454 est
2726 1409 2965 1455 memo·-

596 1493 818 1572 rabile,
849 1493 915 1557 id
957 1493 1393 1558 tantummodo
1427 1494 1504 1557 de
1539 1491 1829 1557 mede-llis
1873 1490 2021 1569 illis,
2071 1490 2147 1556 de
2192 1490 2418 1574 quibus
2463 1509 2652 1573 supra
2694 1494 2958 1576 egimus,

598 1594 720 1660 dici
785 1596 1022 1678 potest,
1092 1597 1159 1661 id
1211 1596 1374 1678 quod
1432 1597 1625 1661 etiam
1671 1596 1749 1659 de
1807 1594 2150 1660 Heroidum
2206 1595 2384 1660 textu
2428 1595 2731 1660 indicavit
2773 1596 2957 1660 Loers

599 1698 777 1782 (edit.
824 1717 880 1763 a.
934 1700 1098 1765 1829
1142 1720 1203 1783 p.
1252 1700 1422 1782 XV).

802 1819 878 1883 In
922 1839 982 1885 v.
1029 1819 1116 1884 35
1178 1819 1290 1884 1116
1361 1821 1600 1901 primus
1669 1818 1862 1883 edidit
1926 1835 2041 1882 nos
2104 1822 2319 1901 tanyet
2373 1838 2553 1882 amor
2607 1838 2716 1901 pro
2761 1821 2959 1902 uryet,

595 1921 756 2004 quod
801 1923 1038 1987 codices
1083 1923 1211 1987 fere
1256 1941 1470 1987 omnes
1517 1922 1765 2003 habent,
1812 1941 1871 1986 v.
1905 1921 1991 1986 62
2032 1922 2110 1984 in
2136 1921 2400 1985 mundis
2442 1939 2551 2004 pro
2580 1923 2960 2004 innumeriS,

593 2045 650 2090 v.
699 2025 782 2090 69
825 2025 1073 2090 nudare
1119 2026 1371 2108 lupinos
1415 2045 1524 2109 pro
1568 2030 1818 2108 torrere,
1865 2043 1924 2089 v.
1958 2025 2042 2091 89
2087 2024 2417 2088 contereris
2468 2041 2577 2104 pro
2632 2025 2962 2088 contrieris

594 2128 810 2213 (vulgo
834 2130 985 2195 tunc
1012 2130 1385 2194 contriveris
1413 2127 1765 2212 edebatur),
1799 2149 1855 2196 v.
1882 2129 1963 2194 97
1994 2128 2082 2192 sit
2098 2147 2306 2213 parvo
2337 2126 2568 2190 mulier
2614 2127 2756 2192 lieet
2784 2127 2962 2193 illita

590 2232 858 2311 vultum,
894 2251 1037 2297 cum
1083 2233 1325 2299 codices
1371 2252 1582 2298 omnes
1628 2233 1936 2297 habeant:
1966 2232 2054 2296 sit
2076 2250 2286 2313 parvo
2322 2230 2536 2295 mollis
2585 2230 2711 2312 (vel
2752 2229 2959 2310 molli)

593 2335 735 2399 licet
798 2336 972 2401 illita
1013 2337 1219 2419 vultu3
1287 2357 1346 2402 v.
1392 2337 1471 2400 51
1534 2337 1642 2403 1116
1702 2336 1923 2421 corrigi
1980 2336 2188 2401 iubet:
2258 2355 2396 2400 cum
2441 2339 2683 2400 teneros
2726 2333 2965 2398 somnis

591 2437 913 2502 demiserit
955 2444 1137 2504 arius
1168 2440 1255 2526 (⁴2²)
1298 2457 1408 2522 pro
1453 2459 1712 2504 somnus
1756 2439 2065 2504 dimiserit
2108 2444 2310 2503 artuS.

792 2542 1082 2608 Ceterum
1128 2545 1361 2608 mirum
1409 2546 1524 2624 est,
1573 2548 1734 2628 quod
1781 2564 1940 2627 quae
1983 2544 2371 2627 argumentis
2417 2561 2540 2608 non
2584 2542 2852 2608 adiectis
2896 2545 2965 2608 in

593 2648 767 2712 textu
815 2649 992 2729 ponit
1036 2647 1407 2731 Naugerius,
1453 2649 1518 2715 in
1565 2649 1838 2714 editione
1880 2647 2090 2729 paucis
2121 2646 2432 2711 mensibus
2461 2649 2604 2728 post
2633 2646 2861 2711 emissa
2874 2644 2960 2728 ²⁷)

590 2751 830 2818 Marius
859 2750 1056 2832 Niger
1086 2752 1434 2833 reponenda
1477 2770 1608 2818 esse
1654 2751 1854 2816 fusius
1901 2750 2183 2831 exposuit
2211 2748 2512 2831 Naugerii
2555 2749 2806 2814 nomine
2839 2767 2966 2814 non

592 2856 1089 2934 commemoratO,
1136 2854 1295 2919 unde
1340 2855 1476 2920 iure
1525 2855 1801 2922 dubitari
1849 2854 2017 2930 licet,
2063 2855 2140 2918 ad
2195 2854 2411 2916 utrum
2454 2870 2521 2916 re
2564 2870 2704 2916 rera
2747 2870 2964 2918 emen-

597 2958 879 3023 dationes
923 2957 1069 3023 illae
1114 2959 1244 3023 sint
1286 2958 1662 3023 referendae.

795 3062 1004 3142 Atque
1049 3061 1199 3126 haec
1245 3062 1500 3143 quidem
1544 3062 1619 3126 de
1668 3060 1971 3145 apparatu
2016 3057 2252 3125 critico.
2324 3058 2495 3143 leges
2543 3062 2757 3123 autem
2802 3076 2959 3140 quas

591 3164 881 3246 amplecti
943 3165 1226 3249 oporteat
1283 3166 1351 3229 in
1412 3166 1587 3231 textu
1647 3183 1837 3247 quem
1893 3163 2155 3229 dicimus
2200 3161 2665 3241 constituend0‚
2712 3162 2840 3226 iam
2886 3179 2962 3225 ex

592 3266 672 3331 iis
716 3286 872 3351 quae
918 3269 1100 3334 modo
1146 3267 1537 3350 exposuimus
1583 3266 1735 3351 ipsis
1780 3267 1965 3333 facile
2010 3268 2267 3335 elucent

794 3371 1044 3435 Etenim
1111 3370 1166 3435 si
1230 3371 1506 3453 primum
1564 3369 1771 3436 critici
1830 3390 2057 3436 munus
2113 3371 2278 3437 illud
2322 3372 2448 3453 est,
2495 3372 2568 3434 ut
2614 3365 2959 3434 communis

593 3471 871 3538 omnium
914 3472 1221 3538 librorum
1275 3474 1595 3557 archetypi
1657 3474 2036 3555 scripturam
2085 3473 2404 3551 restituat,
2449 3472 2723 3555 optimus
2769 3472 2961 3552 atque

591 3575 1030 3660 integerrimus
1074 3577 1252 3641 testis
1297 3576 1613 3660 archetypi
1661 3575 1953 3642 Ovidiani
1999 3579 2096 3642 est
2140 3574 2326 3641 codex
2357 3576 2733 3657 MarcianuS‚
2784 3592 2960 3657 prae-

591 3679 808 3744 sertim
874 3699 1016 3745 cum
1085 3680 1378 3745 lectiones
1448 3681 1578 3745 eius
1655 3697 1957 3745 consensu
2031 3679 2332 3746 librorum
2403 3677 2458 3744 Ο
2465 3677 2524 3741 L
2595 3677 2957 3743 fulciantur.

591 3780 963 3865 ubicumque
1008 3782 1078 3846 hi
1137 3782 1282 3847 libri
1325 3782 1662 3848 manifesta
1706 3781 1991 3847 laborant
2058 3781 2439 3867 corruptela,
2505 3781 2790 3846 cautione
2835 3798 2961 3862 qua

797 3995 862 4063 ²⁵)
900 3996 967 4049 cf.
1006 3995 1204 4049 Sedlm.
1242 3995 1277 4049 l.
1317 4011 1364 4051 c.
1400 4011 1453 4063 p.
1491 3999 1577 4047 93.

804 4081 870 4150 ²⁶)
908 4080 974 4135 cf.
1011 4080 1171 4145 Jahn,
1207 4080 1372 4149 praef.
1408 4082 1450 4134 t.
1489 4079 1566 4135 11.
1603 4097 1655 4149 p.
1695 4079 1824 4147 XX,
1860 4081 1930 4136 al.

798 4168 862 4234 ²⁷)
896 4167 958 4222 P.
994 4166 1178 4222 Ovidii
1211 4167 1441 4223 Nasonis
1476 4168 1739 4221 Amorum
1773 4167 1902 4223 libri
1937 4169 2064 4234 tres,
2089 4166 2156 4222 de
2178 4167 2527 4222 medicamine
2552 4164 2711 4219 faciei
2737 4165 2957 4220 libellus

584 4254 647 4310 et
680 4268 803 4307 nux.
839 4251 1080 4308 Infinitis
1103 4269 1269 4323 paene
1303 4253 1567 4308 erroribus
1590 4269 1618 4308 e
1643 4255 2027 4324 manuscriptis
2062 4254 2452 4322 exemplaribus
2490 4252 2795 4307 emaculati.
2834 4252 2956 4312 Una

588 4354 713 4396 oum
746 4338 1020 4394 Dominici
1055 4339 1219 4394 Marii
1253 4339 1415 4409 Nigri
1451 4338 1642 4396 Veneti
1679 4339 2129 4395 luculentissimis
2164 4336 2592 4393 enarrationibus
2605 4375 2617 4388 .
2639 4376 2653 4390 .
2672 4378 2686 4391 .
2732 4338 2834 4394 His
2870 4340 2954 4394 iu·

590 4440 748 4492 super
781 4425 1038 4481 accedunt
1072 4425 1240 4480 Pulex
1275 4429 1331 4480 et
1364 4425 1689 4482 Philomela.
1710 4464 1722 4478 .
1742 4465 1757 4478 .
1789 4427 2118 4494 Impressum
2140 4423 2359 4480 Venetis
2398 4428 2531 4477 1516
2566 4423 2653 4478 die
2678 4424 2810 4482 1111.
2836 4424 2954 4484 Ian.
