<?xml version="1.0" encoding="UTF-8"?>
<!DOCTYPE html PUBLIC "-//W3C//DTD XHTML 1.0 Transitional//EN"
    "http://www.w3.org/TR/xhtml1/DTD/xhtml1-transitional.dtd">
<html xmlns="http://www.w3.org/1999/xhtml" xml:lang="en" lang="en">
 <head>
  <title>
</title>
<meta http-equiv="Content-Type" content="text/html;charset=utf-8" />
  <meta name='ocr-system' content='tesseract 3.04.00' />
  <meta name='ocr-capabilities' content='ocr_page ocr_carea ocr_par ocr_line ocrx_word'/>
</head>
<body>
  <div class='ocr_page' id='page_1' title='image "./povidiinasonisl01kunzgoog_0072.png"; bbox 0 0 3371 5070; ppageno 0'>
   <div class='ocr_carea' id='block_1_1' title="bbox 1456 438 1881 503">
    <p class='ocr_par' dir='ltr' id='par_1_1' title="bbox 1456 438 1881 503">
     <span class='ocr_line' id='line_1_1' title="bbox 1456 438 1881 503; baseline -0.002 -18"><span class='ocrx_word' id='word_1_1' title='bbox 1456 438 1881 503; x_wconf 77' lang='lat'>..62-</span> 
     </span>
    </p>
   </div>
   <div class='ocr_carea' id='block_1_2' title="bbox 487 623 2854 4327">
    <p class='ocr_par' dir='ltr' id='par_1_2' title="bbox 487 623 2852 2139">
     <span class='ocr_line' id='line_1_2' title="bbox 508 623 2847 713; baseline -0.004 -19"><span class='ocrx_word' id='word_1_2' title='bbox 508 676 511 685; x_wconf 82' lang='lat'>.</span> <span class='ocrx_word' id='word_1_3' title='bbox 640 688 645 693; x_wconf 86' lang='lat'>.</span> <span class='ocrx_word' id='word_1_4' title='bbox 694 630 909 713; x_wconf 89' lang='lat' dir='ltr'><strong>Neque</strong></span> <span class='ocrx_word' id='word_1_5' title='bbox 957 633 1170 696; x_wconf 83' lang='lat' dir='ltr'><strong>tamen</strong></span> <span class='ocrx_word' id='word_1_6' title='bbox 1213 628 1409 695; x_wconf 88' lang='lat' dir='ltr'><strong>eiecta</strong></span> <span class='ocrx_word' id='word_1_7' title='bbox 1440 628 1923 710; x_wconf 76' lang='lat' dir='ltr'>interpolatione</span> <span class='ocrx_word' id='word_1_8' title='bbox 1967 628 2186 711; x_wconf 84' lang='lat' dir='ltr'><strong>aptum</strong></span> <span class='ocrx_word' id='word_1_9' title='bbox 2233 623 2665 706; x_wconf 79' lang='lat' dir='ltr'>consequimur</span> <span class='ocrx_word' id='word_1_10' title='bbox 2709 641 2847 686; x_wconf 91' lang='lat' dir='ltr'><strong>sen-</strong></span> 
     </span>
     <span class='ocr_line' id='line_1_3' title="bbox 488 724 2848 815; baseline -0.004 -17"><span class='ocrx_word' id='word_1_11' title='bbox 488 734 832 799; x_wconf 86' lang='lat' dir='ltr'><strong>tentiarum</strong></span> <span class='ocrx_word' id='word_1_12' title='bbox 864 752 1165 798; x_wconf 84' lang='lat' dir='ltr'><strong>conexum</strong></span> <span class='ocrx_word' id='word_1_13' title='bbox 1210 736 1394 815; x_wconf 87' lang='lat' dir='ltr'><strong>atque</strong></span> <span class='ocrx_word' id='word_1_14' title='bbox 1441 734 1791 810; x_wconf 90' lang='lat' dir='ltr'><strong>decursum,</strong></span> <span class='ocrx_word' id='word_1_15' title='bbox 1836 731 2029 796; x_wconf 93' lang='lat' dir='ltr'><strong>immo</strong></span> <span class='ocrx_word' id='word_1_16' title='bbox 2076 729 2414 796; x_wconf 75' lang='lat' dir='ltr'><strong>etiamtum</strong></span> <span class='ocrx_word' id='word_1_17' title='bbox 2442 729 2607 791; x_wconf 91' lang='lat' dir='ltr'><strong>inter</strong></span> <span class='ocrx_word' id='word_1_18' title='bbox 2640 745 2733 790; x_wconf 79' lang='lat' dir='ltr'><strong>vv,</strong></span> <span class='ocrx_word' id='word_1_19' title='bbox 2766 724 2848 790; x_wconf 78' lang='lat'><strong>26</strong></span> 
     </span>
     <span class='ocr_line' id='line_1_4' title="bbox 488 832 2850 918; baseline -0.005 -16"><span class='ocrx_word' id='word_1_20' title='bbox 488 839 552 902; x_wconf 91' lang='lat' dir='ltr'><strong>et</strong></span> <span class='ocrx_word' id='word_1_21' title='bbox 597 839 680 903; x_wconf 82' lang='lat'><strong>29</strong></span> <span class='ocrx_word' id='word_1_22' title='bbox 712 836 860 903; x_wconf 75' lang='lat' dir='ltr'><strong>&#39;hiat</strong></span> <span class='ocrx_word' id='word_1_23' title='bbox 905 836 1120 918; x_wconf 89' lang='lat' dir='ltr'><strong>oratio,</strong></span> <span class='ocrx_word' id='word_1_24' title='bbox 1169 854 1312 901; x_wconf 92' lang='lat' dir='ltr'><strong>cum</strong></span> <span class='ocrx_word' id='word_1_25' title='bbox 1358 837 1483 901; x_wconf 88' lang='lat' dir='ltr'><strong>iam</strong></span> <span class='ocrx_word' id='word_1_26' title='bbox 1526 835 1877 918; x_wconf 87' lang='lat' dir='ltr'><strong>Hertzberg</strong></span> <span class='ocrx_word' id='word_1_27' title='bbox 1919 836 1962 900; x_wconf 91' lang='lat' dir='ltr'><strong>l.</strong></span> <span class='ocrx_word' id='word_1_28' title='bbox 1996 853 2044 899; x_wconf 88' lang='lat' dir='ltr'><strong>c.</strong></span> <span class='ocrx_word' id='word_1_29' title='bbox 2091 833 2434 909; x_wconf 81' lang='lat' dir='ltr'><strong>distichon,</strong></span> <span class='ocrx_word' id='word_1_30' title='bbox 2484 833 2643 912; x_wconf 91' lang='lat' dir='ltr'><strong>quod</strong></span> <span class='ocrx_word' id='word_1_31' title='bbox 2689 832 2850 892; x_wconf 89' lang='lat' dir='ltr'><strong>trac-</strong></span> 
     </span>
     <span class='ocr_line' id='line_1_5' title="bbox 488 934 2848 1023; baseline -0.003 -21"><span class='ocrx_word' id='word_1_32' title='bbox 488 942 712 1018; x_wconf 77' lang='lat' dir='ltr'><strong>tamuS,</strong></span> <span class='ocrx_word' id='word_1_33' title='bbox 760 939 1044 1023; x_wconf 87' lang='lat' dir='ltr'><strong>quamvis</strong></span> <span class='ocrx_word' id='word_1_34' title='bbox 1089 938 1428 1004; x_wconf 87' lang='lat' dir='ltr'><strong>audacibus</strong></span> <span class='ocrx_word' id='word_1_35' title='bbox 1475 940 1848 1004; x_wconf 87' lang='lat' dir='ltr'><strong>coniecturis</strong></span> <span class='ocrx_word' id='word_1_36' title='bbox 1895 938 2202 1004; x_wconf 86' lang='lat' dir='ltr'><strong>afflictum</strong></span> <span class='ocrx_word' id='word_1_37' title='bbox 2217 934 2302 1019; x_wconf 78' lang='lat'><strong>³⁸)</strong></span> <span class='ocrx_word' id='word_1_38' title='bbox 2349 934 2721 1010; x_wconf 73' lang='lat' dir='ltr'><strong>dubitanter,</strong></span> <span class='ocrx_word' id='word_1_39' title='bbox 2775 934 2848 996; x_wconf 91' lang='lat' dir='ltr'><strong>ut</strong></span> 
     </span>
     <span class='ocr_line' id='line_1_6' title="bbox 489 1035 2848 1127; baseline -0.002 -21"><span class='ocrx_word' id='word_1_40' title='bbox 489 1045 757 1127; x_wconf 88' lang='lat' dir='ltr'><strong>videtur,</strong></span> <span class='ocrx_word' id='word_1_41' title='bbox 805 1043 1138 1107; x_wconf 87' lang='lat' dir='ltr'><strong>defendens</strong></span> <span class='ocrx_word' id='word_1_42' title='bbox 1184 1045 1329 1107; x_wconf 92' lang='lat' dir='ltr'><strong>ante</strong></span> <span class='ocrx_word' id='word_1_43' title='bbox 1375 1063 1433 1108; x_wconf 90' lang='lat' dir='ltr'><strong>v.</strong></span> <span class='ocrx_word' id='word_1_44' title='bbox 1480 1043 1559 1106; x_wconf 81' lang='lat'><strong>27</strong></span> <span class='ocrx_word' id='word_1_45' title='bbox 1607 1042 1899 1108; x_wconf 76' lang='lat' dir='ltr'>lacunam</span> <span class='ocrx_word' id='word_1_46' title='bbox 1945 1045 2184 1107; x_wconf 87' lang='lat' dir='ltr'><strong>exstare</strong></span> <span class='ocrx_word' id='word_1_47' title='bbox 2234 1037 2641 1106; x_wconf 89' lang='lat' dir='ltr'><strong>contenderit.</strong></span> <span class='ocrx_word' id='word_1_48' title='bbox 2702 1035 2848 1118; x_wconf 90' lang='lat' dir='ltr'><strong>quid</strong></span> 
     </span>
     <span class='ocr_line' id='line_1_7' title="bbox 489 1140 2846 1228; baseline -0.003 -18"><span class='ocrx_word' id='word_1_49' title='bbox 489 1150 712 1210; x_wconf 63' lang='lat' dir='ltr'><strong>autem»</strong></span> <span class='ocrx_word' id='word_1_50' title='bbox 748 1147 1034 1212; x_wconf 90' lang='lat' dir='ltr'><strong>versibus</strong></span> <span class='ocrx_word' id='word_1_51' title='bbox 1077 1148 1208 1212; x_wconf 89' lang='lat' dir='ltr'><strong>iam</strong></span> <span class='ocrx_word' id='word_1_52' title='bbox 1242 1146 1578 1228; x_wconf 82' lang='lat' dir='ltr'><strong>deperditis</strong></span> <span class='ocrx_word' id='word_1_53' title='bbox 1608 1147 1801 1210; x_wconf 82' lang='lat' dir='ltr'><strong>fuerit</strong></span> <span class='ocrx_word' id='word_1_54' title='bbox 1846 1163 2224 1226; x_wconf 88' lang='lat' dir='ltr'><strong>expressum,</strong></span> <span class='ocrx_word' id='word_1_55' title='bbox 2271 1143 2393 1208; x_wconf 86' lang='lat' dir='ltr'><strong>etsi</strong></span> <span class='ocrx_word' id='word_1_56' title='bbox 2441 1140 2700 1206; x_wconf 87' lang='lat' dir='ltr'><strong>difficile</strong></span> <span class='ocrx_word' id='word_1_57' title='bbox 2731 1142 2846 1217; x_wconf 91' lang='lat' dir='ltr'><strong>est,</strong></span> 
     </span>
     <span class='ocr_line' id='line_1_8' title="bbox 487 1245 2847 1332; baseline -0.003 -18"><span class='ocrx_word' id='word_1_58' title='bbox 487 1254 560 1314; x_wconf 88' lang='lat' dir='ltr'><strong>de</strong></span> <span class='ocrx_word' id='word_1_59' title='bbox 628 1253 950 1332; x_wconf 88' lang='lat' dir='ltr'><strong>poetarum</strong></span> <span class='ocrx_word' id='word_1_60' title='bbox 1012 1251 1082 1314; x_wconf 90' lang='lat' dir='ltr'><strong>in</strong></span> <span class='ocrx_word' id='word_1_61' title='bbox 1151 1250 1371 1331; x_wconf 87' lang='lat' dir='ltr'><strong>primis</strong></span> <span class='ocrx_word' id='word_1_62' title='bbox 1440 1247 1647 1314; x_wconf 90' lang='lat' dir='ltr'><strong>Ovidii</strong></span> <span class='ocrx_word' id='word_1_63' title='bbox 1715 1249 2045 1314; x_wconf 89' lang='lat' dir='ltr'><strong>sententiis</strong></span> <span class='ocrx_word' id='word_1_64' title='bbox 2120 1248 2327 1313; x_wconf 88' lang='lat' dir='ltr'><strong>facere</strong></span> <span class='ocrx_word' id='word_1_65' title='bbox 2405 1245 2847 1320; x_wconf 88' lang='lat' dir='ltr'><strong>coniecturam,</strong></span> 
     </span>
     <span class='ocr_line' id='line_1_9' title="bbox 488 1342 2851 1435; baseline -0.003 -19"><span class='ocrx_word' id='word_1_66' title='bbox 488 1358 700 1417; x_wconf 88' lang='lat' dir='ltr'><strong>tamen</strong></span> <span class='ocrx_word' id='word_1_67' title='bbox 747 1372 888 1417; x_wconf 91' lang='lat' dir='ltr'><strong>cum</strong></span> <span class='ocrx_word' id='word_1_68' title='bbox 934 1353 1144 1435; x_wconf 88' lang='lat' dir='ltr'><strong>aliqua</strong></span> <span class='ocrx_word' id='word_1_69' title='bbox 1189 1342 1649 1435; x_wconf 78' lang='lat' dir='ltr'><strong>probabilitatis</strong></span> <span class='ocrx_word' id='word_1_70' title='bbox 1707 1353 1912 1434; x_wconf 91' lang='lat' dir='ltr'><strong>specie</strong></span> <span class='ocrx_word' id='word_1_71' title='bbox 1959 1352 2108 1416; x_wconf 91' lang='lat' dir='ltr'><strong>haec</strong></span> <span class='ocrx_word' id='word_1_72' title='bbox 2166 1350 2528 1433; x_wconf 89' lang='lat' dir='ltr'><strong>suspiceris:</strong></span> <span class='ocrx_word' id='word_1_73' title='bbox 2590 1347 2851 1412; x_wconf 88' lang='lat' dir='ltr'><strong>fortasse</strong></span> 
     </span>
     <span class='ocr_line' id='line_1_10' title="bbox 491 1451 2849 1540; baseline -0.003 -20"><span class='ocrx_word' id='word_1_74' title='bbox 491 1457 765 1536; x_wconf 92' lang='lat' dir='ltr'><strong>monuit,</strong></span> <span class='ocrx_word' id='word_1_75' title='bbox 832 1460 1035 1539; x_wconf 89' lang='lat' dir='ltr'><strong>quam</strong></span> <span class='ocrx_word' id='word_1_76' title='bbox 1084 1476 1306 1540; x_wconf 87' lang='lat' dir='ltr'><strong>parum</strong></span> <span class='ocrx_word' id='word_1_77' title='bbox 1368 1456 1577 1520; x_wconf 89' lang='lat' dir='ltr'><strong>cultus</strong></span> <span class='ocrx_word' id='word_1_78' title='bbox 1647 1473 1796 1521; x_wconf 90' lang='lat' dir='ltr'><strong>cura</strong></span> <span class='ocrx_word' id='word_1_79' title='bbox 1854 1457 2207 1521; x_wconf 91' lang='lat' dir='ltr'><strong>conveniret</strong></span> <span class='ocrx_word' id='word_1_80' title='bbox 2252 1456 2508 1518; x_wconf 88' lang='lat' dir='ltr'><strong>naturae</strong></span> <span class='ocrx_word' id='word_1_81' title='bbox 2554 1451 2849 1527; x_wconf 89' lang='lat' dir='ltr'><strong>virorum,</strong></span> 
     </span>
     <span class='ocr_line' id='line_1_11' title="bbox 488 1553 2852 1644; baseline -0.003 -20"><span class='ocrx_word' id='word_1_82' title='bbox 488 1580 632 1625; x_wconf 91' lang='lat' dir='ltr'><strong>cum</strong></span> <span class='ocrx_word' id='word_1_83' title='bbox 678 1561 1033 1644; x_wconf 86' lang='lat' dir='ltr'>puellarum</span> <span class='ocrx_word' id='word_1_84' title='bbox 1067 1564 1292 1626; x_wconf 89' lang='lat' dir='ltr'><strong>natura</strong></span> <span class='ocrx_word' id='word_1_85' title='bbox 1337 1560 1472 1644; x_wconf 88' lang='lat' dir='ltr'><strong>ipsa</strong></span> <span class='ocrx_word' id='word_1_86' title='bbox 1504 1561 1740 1626; x_wconf 87' lang='lat' dir='ltr'><strong>formae</strong></span> <span class='ocrx_word' id='word_1_87' title='bbox 1785 1578 1857 1624; x_wconf 88' lang='lat' dir='ltr'><strong>ac</strong></span> <span class='ocrx_word' id='word_1_88' title='bbox 1899 1559 2084 1625; x_wconf 88' lang='lat' dir='ltr'><strong>faciei</strong></span> <span class='ocrx_word' id='word_1_89' title='bbox 2131 1576 2340 1624; x_wconf 87' lang='lat' dir='ltr'><strong>curam</strong></span> <span class='ocrx_word' id='word_1_90' title='bbox 2390 1555 2689 1638; x_wconf 83' lang='lat' dir='ltr'><strong>exigeret3</strong></span> <span class='ocrx_word' id='word_1_91' title='bbox 2736 1553 2852 1617; x_wconf 89' lang='lat' dir='ltr'><strong>hae</strong></span> 
     </span>
     <span class='ocr_line' id='line_1_12' title="bbox 488 1657 2851 1746; baseline -0.003 -20"><span class='ocrx_word' id='word_1_92' title='bbox 488 1665 676 1744; x_wconf 89' lang='lat' dir='ltr'><strong>enim,</strong></span> <span class='ocrx_word' id='word_1_93' title='bbox 722 1665 813 1729; x_wconf 89' lang='lat' dir='ltr'><strong>ita</strong></span> <span class='ocrx_word' id='word_1_94' title='bbox 865 1665 1068 1746; x_wconf 85' lang='lat' dir='ltr'><strong>pergit</strong></span> <span class='ocrx_word' id='word_1_95' title='bbox 1121 1666 1337 1746; x_wconf 88' lang='lat' dir='ltr'><strong>poeta,</strong></span> <span class='ocrx_word' id='word_1_96' title='bbox 1383 1668 1478 1730; x_wconf 91' lang='lat' dir='ltr'><strong>vel</strong></span> <span class='ocrx_word' id='word_1_97' title='bbox 1523 1684 1664 1729; x_wconf 92' lang='lat' dir='ltr'><strong>rure</strong></span> <span class='ocrx_word' id='word_1_98' title='bbox 1710 1666 1973 1729; x_wconf 87' lang='lat' dir='ltr'><strong>latentes</strong></span> <span class='ocrx_word' id='word_1_99' title='bbox 2020 1663 2082 1726; x_wconf 91' lang='lat' dir='ltr'><strong>et</strong></span> <span class='ocrx_word' id='word_1_100' title='bbox 2139 1664 2201 1726; x_wconf 92' lang='lat' dir='ltr'><strong>in</strong></span> <span class='ocrx_word' id='word_1_101' title='bbox 2248 1660 2417 1726; x_wconf 88' lang='lat' dir='ltr'><strong>Atho</strong></span> <span class='ocrx_word' id='word_1_102' title='bbox 2463 1659 2671 1723; x_wconf 92' lang='lat' dir='ltr'><strong>monte</strong></span> <span class='ocrx_word' id='word_1_103' title='bbox 2716 1657 2851 1739; x_wconf 93' lang='lat' dir='ltr'><strong>ipso</strong></span> 
     </span>
     <span class='ocr_line' id='line_1_13' title="bbox 491 1757 2852 1848; baseline -0.003 -18"><span class='ocrx_word' id='word_1_104' title='bbox 491 1766 946 1832; x_wconf 78' lang='lat' dir='ltr'><strong>commorantes</strong></span> <span class='ocrx_word' id='word_1_105' title='bbox 992 1769 1226 1832; x_wconf 86' lang='lat' dir='ltr'><strong>formae</strong></span> <span class='ocrx_word' id='word_1_106' title='bbox 1288 1769 1483 1833; x_wconf 90' lang='lat' dir='ltr'><strong>cultui</strong></span> <span class='ocrx_word' id='word_1_107' title='bbox 1544 1768 1911 1832; x_wconf 90' lang='lat' dir='ltr'><strong>inserviunt.</strong></span> <span class='ocrx_word' id='word_1_108' title='bbox 1986 1766 2137 1830; x_wconf 85' lang='lat' dir='ltr'><strong>haec</strong></span> <span class='ocrx_word' id='word_1_109' title='bbox 2183 1764 2379 1848; x_wconf 87' lang='lat' dir='ltr'><strong>igitur</strong></span> <span class='ocrx_word' id='word_1_110' title='bbox 2425 1761 2550 1827; x_wconf 88' lang='lat' dir='ltr'><strong>fere</strong></span> <span class='ocrx_word' id='word_1_111' title='bbox 2593 1757 2852 1824; x_wconf 84' lang='lat' dir='ltr'><strong>interci-</strong></span> 
     </span>
     <span class='ocr_line' id='line_1_14' title="bbox 491 1864 2852 1953; baseline -0.003 -20"><span class='ocrx_word' id='word_1_112' title='bbox 491 1870 633 1933; x_wconf 92' lang='lat' dir='ltr'><strong>dere</strong></span> <span class='ocrx_word' id='word_1_113' title='bbox 678 1872 1030 1953; x_wconf 89' lang='lat' dir='ltr'><strong>potuerunt,</strong></span> <span class='ocrx_word' id='word_1_114' title='bbox 1090 1872 1266 1936; x_wconf 90' lang='lat' dir='ltr'><strong>cuius</strong></span> <span class='ocrx_word' id='word_1_115' title='bbox 1312 1872 1564 1936; x_wconf 89' lang='lat' dir='ltr'><strong>lacunae</strong></span> <span class='ocrx_word' id='word_1_116' title='bbox 1610 1871 1986 1953; x_wconf 86' lang='lat' dir='ltr'>supplendae</span> <span class='ocrx_word' id='word_1_117' title='bbox 2017 1868 2361 1950; x_wconf 90' lang='lat' dir='ltr'><strong>periculum</strong></span> <span class='ocrx_word' id='word_1_118' title='bbox 2406 1866 2507 1930; x_wconf 88' lang='lat' dir='ltr'><strong>sat</strong></span> <span class='ocrx_word' id='word_1_119' title='bbox 2552 1864 2852 1927; x_wconf 90' lang='lat' dir='ltr'><strong>miserum</strong></span> 
     </span>
     <span class='ocr_line' id='line_1_15' title="bbox 491 1969 2851 2056; baseline -0.003 -20"><span class='ocrx_word' id='word_1_120' title='bbox 491 1975 765 2055; x_wconf 78' lang='lat' dir='ltr'>superest</span> <span class='ocrx_word' id='word_1_121' title='bbox 807 1973 871 2037; x_wconf 96' lang='lat' dir='ltr'><strong>in</strong></span> <span class='ocrx_word' id='word_1_122' title='bbox 920 1974 1252 2053; x_wconf 80' lang='lat' dir='ltr'><strong>codicibuS,</strong></span> <span class='ocrx_word' id='word_1_123' title='bbox 1300 1994 1372 2038; x_wconf 85' lang='lat' dir='ltr'><strong>ex</strong></span> <span class='ocrx_word' id='word_1_124' title='bbox 1418 1975 1639 2056; x_wconf 90' lang='lat' dir='ltr'><strong>quibus</strong></span> <span class='ocrx_word' id='word_1_125' title='bbox 1672 1972 2024 2038; x_wconf 87' lang='lat' dir='ltr'><strong>Marcianus</strong></span> <span class='ocrx_word' id='word_1_126' title='bbox 2071 1971 2232 2034; x_wconf 94' lang='lat' dir='ltr'><strong>illud</strong></span> <span class='ocrx_word' id='word_1_127' title='bbox 2276 1969 2594 2050; x_wconf 87' lang='lat' dir='ltr'><strong>integrum</strong></span> <span class='ocrx_word' id='word_1_128' title='bbox 2639 1982 2851 2031; x_wconf 89' lang='lat' dir='ltr'><strong>serva-</strong></span> 
     </span>
     <span class='ocr_line' id='line_1_16' title="bbox 497 2073 1485 2139; baseline 0.005 -3"><span class='ocrx_word' id='word_1_129' title='bbox 497 2075 658 2138; x_wconf 90' lang='lat' dir='ltr'>visse</span> <span class='ocrx_word' id='word_1_130' title='bbox 701 2073 966 2139; x_wconf 87' lang='lat' dir='ltr'><strong>videtur.</strong></span> <span class='ocrx_word' id='word_1_131' title='bbox 1013 2110 1017 2123; x_wconf 88' lang='lat'>·</span> <span class='ocrx_word' id='word_1_132' title='bbox 1484 2098 1485 2101; x_wconf 45' lang='lat'>¹</span> 
     </span>
    </p>

    <p class='ocr_par' dir='ltr' id='par_1_3' title="bbox 492 2173 2854 2777">
     <span class='ocr_line' id='line_1_17' title="bbox 698 2173 2852 2262; baseline -0.004 -20"><span class='ocrx_word' id='word_1_133' title='bbox 698 2178 873 2257; x_wconf 80' lang='lat' dir='ltr'><strong>Quod</strong></span> <span class='ocrx_word' id='word_1_134' title='bbox 916 2179 982 2242; x_wconf 94' lang='lat' dir='ltr'><strong>in</strong></span> <span class='ocrx_word' id='word_1_135' title='bbox 1032 2200 1085 2244; x_wconf 84' lang='lat' dir='ltr'><strong>v.</strong></span> <span class='ocrx_word' id='word_1_136' title='bbox 1133 2180 1218 2245; x_wconf 87' lang='lat'><strong>30</strong></span> <span class='ocrx_word' id='word_1_137' title='bbox 1261 2179 1482 2262; x_wconf 92' lang='lat' dir='ltr'><strong>optimi</strong></span> <span class='ocrx_word' id='word_1_138' title='bbox 1540 2178 1689 2244; x_wconf 87' lang='lat' dir='ltr'>libri</span> <span class='ocrx_word' id='word_1_139' title='bbox 1747 2197 1857 2262; x_wconf 90' lang='lat' dir='ltr'><strong>pro</strong></span> <span class='ocrx_word' id='word_1_140' title='bbox 1904 2178 2075 2242; x_wconf 75' lang='lat' dir='ltr'><strong>altus</strong></span> <span class='ocrx_word' id='word_1_141' title='bbox 2120 2175 2412 2240; x_wconf 81' lang='lat' dir='ltr'><strong>exhibent</strong></span> <span class='ocrx_word' id='word_1_142' title='bbox 2455 2175 2660 2238; x_wconf 76' lang='lat' dir='ltr'><strong>saltus</strong></span> <span class='ocrx_word' id='word_1_143' title='bbox 2722 2173 2852 2236; x_wconf 89' lang='lat' dir='ltr'><strong>sine</strong></span> 
     </span>
     <span class='ocr_line' id='line_1_18' title="bbox 493 2276 2854 2363; baseline -0.002 -19"><span class='ocrx_word' id='word_1_144' title='bbox 493 2280 678 2345; x_wconf 92' lang='lat' dir='ltr'><strong>dubio</strong></span> <span class='ocrx_word' id='word_1_145' title='bbox 726 2301 796 2346; x_wconf 85' lang='lat' dir='ltr'><strong>ex</strong></span> <span class='ocrx_word' id='word_1_146' title='bbox 840 2300 871 2345; x_wconf 85' lang='lat' dir='ltr'><strong>s</strong></span> <span class='ocrx_word' id='word_1_147' title='bbox 918 2282 1128 2347; x_wconf 86' lang='lat' dir='ltr'><strong>littera</strong></span> <span class='ocrx_word' id='word_1_148' title='bbox 1170 2283 1585 2347; x_wconf 86' lang='lat' dir='ltr'><strong>antecedentis</strong></span> <span class='ocrx_word' id='word_1_149' title='bbox 1631 2281 1920 2349; x_wconf 82' lang='lat' dir='ltr'><strong>vocabuli</strong></span> <span class='ocrx_word' id='word_1_150' title='bbox 1950 2282 2154 2350; x_wconf 78' lang='lat' dir='ltr'><strong>cultas</strong></span> <span class='ocrx_word' id='word_1_151' title='bbox 2184 2296 2505 2363; x_wconf 88' lang='lat' dir='ltr'>perperam</span> <span class='ocrx_word' id='word_1_152' title='bbox 2534 2276 2854 2361; x_wconf 84' lang='lat' dir='ltr'><strong>geminata</strong></span> 
     </span>
     <span class='ocr_line' id='line_1_19' title="bbox 492 2379 2852 2468; baseline -0.001 -22"><span class='ocrx_word' id='word_1_153' title='bbox 492 2388 699 2448; x_wconf 90' lang='lat' dir='ltr'><strong>ortum</strong></span> <span class='ocrx_word' id='word_1_154' title='bbox 768 2388 876 2449; x_wconf 88' lang='lat' dir='ltr'><strong>est.</strong></span> <span class='ocrx_word' id='word_1_155' title='bbox 967 2384 1136 2448; x_wconf 77' lang='lat' dir='ltr'><strong>altus</strong></span> <span class='ocrx_word' id='word_1_156' title='bbox 1205 2386 1523 2468; x_wconf 89' lang='lat' dir='ltr'><strong>epitheton</strong></span> <span class='ocrx_word' id='word_1_157' title='bbox 1587 2386 1791 2450; x_wconf 91' lang='lat' dir='ltr'><strong>monti</strong></span> <span class='ocrx_word' id='word_1_158' title='bbox 1862 2384 2030 2450; x_wconf 77' lang='lat' dir='ltr'><strong>Atho</strong></span> <span class='ocrx_word' id='word_1_159' title='bbox 2088 2383 2497 2459; x_wconf 89' lang='lat' dir='ltr'><strong>attributum,</strong></span> <span class='ocrx_word' id='word_1_160' title='bbox 2569 2379 2852 2464; x_wconf 90' lang='lat' dir='ltr'><strong>quamvis</strong></span> 
     </span>
     <span class='ocr_line' id='line_1_20' title="bbox 492 2483 2853 2572; baseline -0.001 -19"><span class='ocrx_word' id='word_1_161' title='bbox 492 2506 713 2569; x_wconf 90' lang='lat' dir='ltr'><strong>parum</strong></span> <span class='ocrx_word' id='word_1_162' title='bbox 758 2487 1025 2571; x_wconf 84' lang='lat' dir='ltr'>elegans,</span> <span class='ocrx_word' id='word_1_163' title='bbox 1072 2507 1194 2554; x_wconf 93' lang='lat' dir='ltr'><strong>non</strong></span> <span class='ocrx_word' id='word_1_164' title='bbox 1237 2489 1423 2555; x_wconf 87' lang='lat' dir='ltr'><strong>habet</strong></span> <span class='ocrx_word' id='word_1_165' title='bbox 1469 2489 1632 2572; x_wconf 88' lang='lat' dir='ltr'><strong>quod</strong></span> <span class='ocrx_word' id='word_1_166' title='bbox 1679 2489 1981 2566; x_wconf 89' lang='lat' dir='ltr'><strong>offendat;</strong></span> <span class='ocrx_word' id='word_1_167' title='bbox 2030 2489 2220 2553; x_wconf 89' lang='lat' dir='ltr'><strong>etiam</strong></span> <span class='ocrx_word' id='word_1_168' title='bbox 2266 2484 2484 2570; x_wconf 76' lang='lat' dir='ltr'><strong>Hybla</strong></span> <span class='ocrx_word' id='word_1_169' title='bbox 2532 2484 2648 2566; x_wconf 84' lang='lat' dir='ltr'><strong>(Ex</strong></span> <span class='ocrx_word' id='word_1_170' title='bbox 2680 2483 2749 2548; x_wconf 91' lang='lat' dir='ltr'><strong>P.</strong></span> <span class='ocrx_word' id='word_1_171' title='bbox 2786 2483 2853 2550; x_wconf 96' lang='lat' dir='ltr'><strong>II</strong></span> 
     </span>
     <span class='ocr_line' id='line_1_21' title="bbox 495 2588 2849 2676; baseline -0.002 -22"><span class='ocrx_word' id='word_1_172' title='bbox 495 2592 552 2658; x_wconf 87' lang='lat'><strong>7.</strong></span> <span class='ocrx_word' id='word_1_173' title='bbox 599 2593 733 2676; x_wconf 81' lang='lat'><strong>26),</strong></span> <span class='ocrx_word' id='word_1_174' title='bbox 780 2590 969 2673; x_wconf 71' lang='lat' dir='ltr'><strong>Eryx</strong></span> <span class='ocrx_word' id='word_1_175' title='bbox 1020 2593 1182 2673; x_wconf 86' lang='lat' dir='ltr'>(Art.</span> <span class='ocrx_word' id='word_1_176' title='bbox 1233 2611 1352 2658; x_wconf 86' lang='lat' dir='ltr'><strong>am.</strong></span> <span class='ocrx_word' id='word_1_177' title='bbox 1401 2591 1468 2657; x_wconf 94' lang='lat' dir='ltr'><strong>II</strong></span> <span class='ocrx_word' id='word_1_178' title='bbox 1510 2592 1691 2674; x_wconf 83' lang='lat'><strong>420),</strong></span> <span class='ocrx_word' id='word_1_179' title='bbox 1746 2590 2101 2655; x_wconf 74' lang='lat' dir='ltr'><strong>Maenalon</strong></span> <span class='ocrx_word' id='word_1_180' title='bbox 2144 2590 2319 2666; x_wconf 91' lang='lat' dir='ltr'><strong>(Met.</strong></span> <span class='ocrx_word' id='word_1_181' title='bbox 2367 2589 2436 2652; x_wconf 93' lang='lat' dir='ltr'><strong>II</strong></span> <span class='ocrx_word' id='word_1_182' title='bbox 2480 2590 2654 2670; x_wconf 83' lang='lat'><strong>442),</strong></span> <span class='ocrx_word' id='word_1_183' title='bbox 2703 2588 2849 2668; x_wconf 79' lang='lat' dir='ltr'><strong>Ida,</strong></span> 
     </span>
     <span class='ocr_line' id='line_1_22' title="bbox 492 2691 2643 2777; baseline -0.002 -19"><span class='ocrx_word' id='word_1_184' title='bbox 492 2695 599 2759; x_wconf 89' lang='lat' dir='ltr'><strong>alii</strong></span> <span class='ocrx_word' id='word_1_185' title='bbox 643 2697 881 2758; x_wconf 90' lang='lat' dir='ltr'><strong>montes</strong></span> <span class='ocrx_word' id='word_1_186' title='bbox 928 2696 1243 2777; x_wconf 90' lang='lat' dir='ltr'><strong>iidemque</strong></span> <span class='ocrx_word' id='word_1_187' title='bbox 1289 2695 1626 2766; x_wconf 87' lang='lat' dir='ltr'><strong>mediocres</strong></span> <span class='ocrx_word' id='word_1_188' title='bbox 1673 2695 1793 2759; x_wconf 65' lang='lat' dir='ltr'><strong>alti</strong></span> <span class='ocrx_word' id='word_1_189' title='bbox 1840 2694 2229 2777; x_wconf 88' lang='lat' dir='ltr'>appellantur</span> <span class='ocrx_word' id='word_1_190' title='bbox 2275 2692 2351 2756; x_wconf 90' lang='lat' dir='ltr'><strong>ab</strong></span> <span class='ocrx_word' id='word_1_191' title='bbox 2402 2691 2643 2758; x_wconf 84' lang='lat' dir='ltr'><strong>ovidio.</strong></span> 
     </span>
    </p>

    <p class='ocr_par' dir='ltr' id='par_1_4' title="bbox 492 2794 2853 3188">
     <span class='ocr_line' id='line_1_23' title="bbox 701 2794 2853 2878; baseline 0 -19"><span class='ocrx_word' id='word_1_192' title='bbox 701 2797 774 2863; x_wconf 89' lang='lat' dir='ltr'><strong>V.</strong></span> <span class='ocrx_word' id='word_1_193' title='bbox 804 2798 881 2862; x_wconf 87' lang='lat'><strong>31</strong></span> <span class='ocrx_word' id='word_1_194' title='bbox 933 2798 1079 2861; x_wconf 89' lang='lat' dir='ltr'>libri</span> <span class='ocrx_word' id='word_1_195' title='bbox 1125 2798 1254 2862; x_wconf 90' lang='lat' dir='ltr'><strong>fere</strong></span> <span class='ocrx_word' id='word_1_196' title='bbox 1302 2817 1513 2862; x_wconf 91' lang='lat' dir='ltr'><strong>omnes</strong></span> <span class='ocrx_word' id='word_1_197' title='bbox 1561 2798 1854 2863; x_wconf 85' lang='lat' dir='ltr'><strong>exhibent</strong></span> <span class='ocrx_word' id='word_1_198' title='bbox 1882 2815 2300 2878; x_wconf 77' lang='lat' dir='ltr'><strong>quaecumque</strong></span> <span class='ocrx_word' id='word_1_199' title='bbox 2344 2794 2652 2875; x_wconf 68' lang='lat' dir='ltr'><strong>voluptate,</strong></span> <span class='ocrx_word' id='word_1_200' title='bbox 2699 2813 2853 2877; x_wconf 89' lang='lat' dir='ltr'><strong>quae</strong></span> 
     </span>
     <span class='ocr_line' id='line_1_24' title="bbox 493 2898 2849 2983; baseline -0.001 -20"><span class='ocrx_word' id='word_1_201' title='bbox 493 2900 874 2981; x_wconf 91' lang='lat' dir='ltr'><strong>pronominis</strong></span> <span class='ocrx_word' id='word_1_202' title='bbox 921 2902 1121 2966; x_wconf 89' lang='lat' dir='ltr'><strong>forma</strong></span> <span class='ocrx_word' id='word_1_203' title='bbox 1168 2901 1382 2966; x_wconf 89' lang='lat' dir='ltr'><strong>multis</strong></span> <span class='ocrx_word' id='word_1_204' title='bbox 1431 2899 1769 2983; x_wconf 86' lang='lat' dir='ltr'><strong>displicuit.</strong></span> <span class='ocrx_word' id='word_1_205' title='bbox 1802 2900 2097 2966; x_wconf 90' lang='lat' dir='ltr'><strong>Heinsius</strong></span> <span class='ocrx_word' id='word_1_206' title='bbox 2144 2898 2343 2964; x_wconf 91' lang='lat' dir='ltr'><strong>edidit</strong></span> <span class='ocrx_word' id='word_1_207' title='bbox 2386 2901 2849 2980; x_wconf 77' lang='lat' dir='ltr'><strong>quotacumque,</strong></span> 
     </span>
     <span class='ocr_line' id='line_1_25' title="bbox 493 3002 2850 3086; baseline -0.001 -19"><span class='ocrx_word' id='word_1_208' title='bbox 493 3004 553 3068; x_wconf 90' lang='lat' dir='ltr'><strong>id</strong></span> <span class='ocrx_word' id='word_1_209' title='bbox 602 3006 761 3086; x_wconf 91' lang='lat' dir='ltr'><strong>quod</strong></span> <span class='ocrx_word' id='word_1_210' title='bbox 819 3006 1005 3069; x_wconf 91' lang='lat' dir='ltr'><strong>etiam</strong></span> <span class='ocrx_word' id='word_1_211' title='bbox 1065 3006 1463 3070; x_wconf 90' lang='lat' dir='ltr'><strong>Burmannus</strong></span> <span class='ocrx_word' id='word_1_212' title='bbox 1523 3005 1842 3085; x_wconf 79' lang='lat' dir='ltr'><strong>amplexus</strong></span> <span class='ocrx_word' id='word_1_213' title='bbox 1904 3007 2030 3082; x_wconf 88' lang='lat' dir='ltr'><strong>est,</strong></span> <span class='ocrx_word' id='word_1_214' title='bbox 2098 3002 2436 3068; x_wconf 88' lang='lat' dir='ltr'><strong>Merkelius</strong></span> <span class='ocrx_word' id='word_1_215' title='bbox 2504 3020 2573 3065; x_wconf 81' lang='lat' dir='ltr'><strong>ex</strong></span> <span class='ocrx_word' id='word_1_216' title='bbox 2630 3003 2850 3067; x_wconf 89' lang='lat' dir='ltr'><strong>Helm-</strong></span> 
     </span>
     <span class='ocr_line' id='line_1_26' title="bbox 492 3106 1215 3188; baseline 0.003 -18"><span class='ocrx_word' id='word_1_217' title='bbox 492 3106 792 3171; x_wconf 86' lang='lat' dir='ltr'><strong>stadiensi</strong></span> <span class='ocrx_word' id='word_1_218' title='bbox 834 3108 1215 3188; x_wconf 75' lang='lat' dir='ltr'><strong>cuicumque.</strong></span> 
     </span>
    </p>

    <p class='ocr_par' dir='ltr' id='par_1_5' title="bbox 493 3210 2851 4327">
     <span class='ocr_line' id='line_1_27' title="bbox 700 3210 2849 3295; baseline -0.001 -21"><span class='ocrx_word' id='word_1_219' title='bbox 700 3210 1003 3291; x_wconf 87' lang='lat' dir='ltr'><strong>Equidem</strong></span> <span class='ocrx_word' id='word_1_220' title='bbox 1076 3230 1432 3293; x_wconf 90' lang='lat' dir='ltr'><strong>pronomem</strong></span> <span class='ocrx_word' id='word_1_221' title='bbox 1514 3230 1929 3292; x_wconf 78' lang='lat' dir='ltr'><strong>quaecumque</strong></span> <span class='ocrx_word' id='word_1_222' title='bbox 1997 3212 2385 3278; x_wconf 87' lang='lat' dir='ltr'><strong>retinendum</strong></span> <span class='ocrx_word' id='word_1_223' title='bbox 2464 3227 2591 3273; x_wconf 90' lang='lat' dir='ltr'><strong>esse</strong></span> <span class='ocrx_word' id='word_1_224' title='bbox 2652 3228 2849 3295; x_wconf 79' lang='lat' dir='ltr'><strong>neque</strong></span> 
     </span>
     <span class='ocr_line' id='line_1_28' title="bbox 495 3311 2851 3396; baseline -0 -20"><span class='ocrx_word' id='word_1_225' title='bbox 495 3313 698 3376; x_wconf 90' lang='lat' dir='ltr'><strong>ullum</strong></span> <span class='ocrx_word' id='word_1_226' title='bbox 745 3314 913 3377; x_wconf 88' lang='lat' dir='ltr'><strong>aliud</strong></span> <span class='ocrx_word' id='word_1_227' title='bbox 959 3314 1092 3378; x_wconf 92' lang='lat' dir='ltr'><strong>sine</strong></span> <span class='ocrx_word' id='word_1_228' title='bbox 1137 3333 1350 3379; x_wconf 87' lang='lat' dir='ltr'><strong>sensus</strong></span> <span class='ocrx_word' id='word_1_229' title='bbox 1399 3315 1623 3379; x_wconf 92' lang='lat' dir='ltr'><strong>damno</strong></span> <span class='ocrx_word' id='word_1_230' title='bbox 1672 3314 1890 3379; x_wconf 89' lang='lat' dir='ltr'><strong>inferri</strong></span> <span class='ocrx_word' id='word_1_231' title='bbox 1937 3333 2114 3396; x_wconf 90' lang='lat' dir='ltr'><strong>posse</strong></span> <span class='ocrx_word' id='word_1_232' title='bbox 2157 3314 2326 3394; x_wconf 91' lang='lat' dir='ltr'><strong>put0.</strong></span> <span class='ocrx_word' id='word_1_233' title='bbox 2376 3314 2472 3376; x_wconf 90' lang='lat' dir='ltr'><strong>est</strong></span> <span class='ocrx_word' id='word_1_234' title='bbox 2504 3311 2670 3376; x_wconf 92' lang='lat' dir='ltr'><strong>enim</strong></span> <span class='ocrx_word' id='word_1_235' title='bbox 2701 3313 2851 3376; x_wconf 87' lang='lat' dir='ltr'><strong>haec</strong></span> 
     </span>
     <span class='ocr_line' id='line_1_29' title="bbox 496 3413 2850 3500; baseline -0.001 -22"><span class='ocrx_word' id='word_1_236' title='bbox 496 3413 801 3478; x_wconf 89' lang='lat' dir='ltr'><strong>adiectiva</strong></span> <span class='ocrx_word' id='word_1_237' title='bbox 846 3414 1030 3478; x_wconf 92' lang='lat' dir='ltr'><strong>huius</strong></span> <span class='ocrx_word' id='word_1_238' title='bbox 1062 3417 1441 3497; x_wconf 88' lang='lat' dir='ltr'><strong>pronominis</strong></span> <span class='ocrx_word' id='word_1_239' title='bbox 1472 3417 1672 3482; x_wconf 84' lang='lat' dir='ltr'><strong>forma</strong></span> <span class='ocrx_word' id='word_1_240' title='bbox 1702 3418 2111 3500; x_wconf 84' lang='lat' dir='ltr'><strong>praedicativi</strong></span> <span class='ocrx_word' id='word_1_241' title='bbox 2154 3418 2289 3481; x_wconf 91' lang='lat' dir='ltr'><strong>loco</strong></span> <span class='ocrx_word' id='word_1_242' title='bbox 2336 3414 2640 3493; x_wconf 90' lang='lat' dir='ltr'><strong>adhibita,</strong></span> <span class='ocrx_word' id='word_1_243' title='bbox 2675 3414 2850 3479; x_wconf 89' lang='lat' dir='ltr'><strong>cuius</strong></span> 
     </span>
     <span class='ocr_line' id='line_1_30' title="bbox 495 3518 2848 3600; baseline -0 -20"><span class='ocrx_word' id='word_1_244' title='bbox 495 3534 742 3580; x_wconf 92' lang='lat' dir='ltr'><strong>sensum</strong></span> <span class='ocrx_word' id='word_1_245' title='bbox 775 3518 991 3597; x_wconf 84' lang='lat' dir='ltr'><strong>copula</strong></span> <span class='ocrx_word' id='word_1_246' title='bbox 1034 3522 1123 3582; x_wconf 73' lang='lat' dir='ltr'><strong>est</strong></span> <span class='ocrx_word' id='word_1_247' title='bbox 1166 3519 1490 3585; x_wconf 87' lang='lat' dir='ltr'><strong>intellecta</strong></span> <span class='ocrx_word' id='word_1_248' title='bbox 1534 3521 1863 3585; x_wconf 86' lang='lat' dir='ltr'><strong>vernacule</strong></span> <span class='ocrx_word' id='word_1_249' title='bbox 1898 3520 1998 3586; x_wconf 61' lang='lat' dir='ltr'><strong>his,</strong></span> <span class='ocrx_word' id='word_1_250' title='bbox 2036 3520 2162 3586; x_wconf 88' lang='lat' dir='ltr'><strong>fere</strong></span> <span class='ocrx_word' id='word_1_251' title='bbox 2209 3520 2458 3583; x_wconf 89' lang='lat' dir='ltr'><strong>reddere</strong></span> <span class='ocrx_word' id='word_1_252' title='bbox 2490 3533 2848 3600; x_wconf 87' lang='lat' dir='ltr'><strong>possumus:</strong></span> 
     </span>
     <span class='ocr_line' id='line_1_31' title="bbox 496 3619 2849 3706; baseline 0 -23"><span class='ocrx_word' id='word_1_253' title='bbox 496 3619 644 3685; x_wconf 85' lang='lat' dir='ltr'><strong>Sich</strong></span> <span class='ocrx_word' id='word_1_254' title='bbox 676 3619 875 3684; x_wconf 91' lang='lat' dir='ltr'><strong>selbst</strong></span> <span class='ocrx_word' id='word_1_255' title='bbox 920 3641 996 3684; x_wconf 89' lang='lat' dir='ltr'><strong>zu</strong></span> <span class='ocrx_word' id='word_1_256' title='bbox 1041 3622 1314 3704; x_wconf 84' lang='lat' dir='ltr'><strong>gesallen</strong></span> <span class='ocrx_word' id='word_1_257' title='bbox 1360 3624 1442 3687; x_wconf 89' lang='lat' dir='ltr'><strong>ist</strong></span> <span class='ocrx_word' id='word_1_258' title='bbox 1488 3624 1682 3687; x_wconf 90' lang='lat' dir='ltr'><strong>auch</strong></span> <span class='ocrx_word' id='word_1_259' title='bbox 1729 3624 1829 3686; x_wconf 92' lang='lat' dir='ltr'><strong>ein</strong></span> <span class='ocrx_word' id='word_1_260' title='bbox 1863 3624 2264 3706; x_wconf 83' lang='lat' dir='ltr'><strong>Vergniigen,</strong></span> <span class='ocrx_word' id='word_1_261' title='bbox 2295 3639 2445 3703; x_wconf 87' lang='lat' dir='ltr'><strong>mag</strong></span> <span class='ocrx_word' id='word_1_262' title='bbox 2478 3641 2542 3686; x_wconf 85' lang='lat' dir='ltr'><strong>es</strong></span> <span class='ocrx_word' id='word_1_263' title='bbox 2575 3639 2703 3686; x_wconf 92' lang='lat' dir='ltr'><strong>nun</strong></span> <span class='ocrx_word' id='word_1_264' title='bbox 2734 3619 2849 3683; x_wconf 85' lang='lat' dir='ltr'><strong>wie</strong></span> 
     </span>
     <span class='ocr_line' id='line_1_32' title="bbox 494 3723 2851 3809; baseline 0 -23"><span class='ocrx_word' id='word_1_265' title='bbox 494 3724 719 3787; x_wconf 93' lang='lat' dir='ltr'><strong>immer</strong></span> <span class='ocrx_word' id='word_1_266' title='bbox 764 3723 1020 3788; x_wconf 89' lang='lat' dir='ltr'><strong>bestellt</strong></span> <span class='ocrx_word' id='word_1_267' title='bbox 1063 3725 1197 3788; x_wconf 90' lang='lat' dir='ltr'><strong>sein</strong></span> <span class='ocrx_word' id='word_1_268' title='bbox 1249 3728 1352 3806; x_wconf 87' lang='lat' dir='ltr'><strong>(sc.</strong></span> <span class='ocrx_word' id='word_1_269' title='bbox 1402 3727 1503 3790; x_wconf 92' lang='lat' dir='ltr'><strong>ein</strong></span> <span class='ocrx_word' id='word_1_270' title='bbox 1548 3730 1721 3791; x_wconf 82' lang='lat' dir='ltr'><strong>recht</strong></span> <span class='ocrx_word' id='word_1_271' title='bbox 1768 3725 2273 3809; x_wconf 81' lang='lat' dir='ltr'><strong>zweifelhaftes);</strong></span> <span class='ocrx_word' id='word_1_272' title='bbox 2311 3726 2604 3808; x_wconf 36' lang='lat' dir='ltr'><strong>*proxime</strong></span> <span class='ocrx_word' id='word_1_273' title='bbox 2653 3723 2851 3807; x_wconf 89' lang='lat' dir='ltr'><strong>igitur</strong></span> 
     </span>
     <span class='ocr_line' id='line_1_33' title="bbox 495 3826 2850 3912; baseline -0.001 -19"><span class='ocrx_word' id='word_1_274' title='bbox 495 3830 646 3893; x_wconf 89' lang='lat' dir='ltr'><strong>haec</strong></span> <span class='ocrx_word' id='word_1_275' title='bbox 690 3826 1066 3912; x_wconf 87' lang='lat' dir='ltr'><strong>significatio</strong></span> <span class='ocrx_word' id='word_1_276' title='bbox 1113 3827 1351 3893; x_wconf 88' lang='lat' dir='ltr'><strong>accedit</strong></span> <span class='ocrx_word' id='word_1_277' title='bbox 1398 3828 1477 3893; x_wconf 92' lang='lat' dir='ltr'><strong>ad</strong></span> <span class='ocrx_word' id='word_1_278' title='bbox 1521 3828 2025 3910; x_wconf 71' lang='lat' dir='ltr'><strong>qualiscumque,</strong></span> <span class='ocrx_word' id='word_1_279' title='bbox 2061 3829 2235 3912; x_wconf 62' lang='lat' dir='ltr'><strong>‘quod</strong></span> <span class='ocrx_word' id='word_1_280' title='bbox 2281 3828 2439 3892; x_wconf 92' lang='lat' dir='ltr'><strong>item</strong></span> <span class='ocrx_word' id='word_1_281' title='bbox 2483 3826 2637 3892; x_wconf 93' lang='lat' dir='ltr'><strong>olim</strong></span> <span class='ocrx_word' id='word_1_282' title='bbox 2680 3826 2850 3909; x_wconf 86' lang='lat' dir='ltr'><strong>lege-</strong></span> 
     </span>
     <span class='ocr_line' id='line_1_34' title="bbox 496 3927 2849 4012; baseline -0.001 -18"><span class='ocrx_word' id='word_1_283' title='bbox 496 3932 696 3997; x_wconf 90' lang='lat' dir='ltr'><strong>batur.</strong></span> <span class='ocrx_word' id='word_1_284' title='bbox 746 3931 853 4012; x_wconf 91' lang='lat' dir='ltr'><strong>qui</strong></span> <span class='ocrx_word' id='word_1_285' title='bbox 886 3932 1322 4011; x_wconf 84' lang='lat' dir='ltr'><strong>comparentur</strong></span> <span class='ocrx_word' id='word_1_286' title='bbox 1366 3931 1548 3996; x_wconf 89' lang='lat' dir='ltr'><strong>hosce</strong></span> <span class='ocrx_word' id='word_1_287' title='bbox 1594 3933 1759 3998; x_wconf 91' lang='lat' dir='ltr'><strong>locos</strong></span> <span class='ocrx_word' id='word_1_288' title='bbox 1805 3932 2021 3996; x_wconf 87' lang='lat' dir='ltr'><strong>affero:</strong></span> <span class='ocrx_word' id='word_1_289' title='bbox 2071 3932 2213 3996; x_wconf 92' lang='lat' dir='ltr'><strong>Am.</strong></span> <span class='ocrx_word' id='word_1_290' title='bbox 2239 3931 2306 3996; x_wconf 91' lang='lat' dir='ltr'><strong>II</strong></span> <span class='ocrx_word' id='word_1_291' title='bbox 2343 3931 2441 3996; x_wconf 80' lang='lat'><strong>12.</strong></span> <span class='ocrx_word' id='word_1_292' title='bbox 2468 3931 2527 4008; x_wconf 89' lang='grc'><strong>6,</strong></span> <span class='ocrx_word' id='word_1_293' title='bbox 2560 3928 2669 3993; x_wconf 94' lang='lat' dir='ltr'><strong>ubi</strong></span> <span class='ocrx_word' id='word_1_294' title='bbox 2702 3927 2849 3993; x_wconf 86' lang='lat' dir='ltr'><strong>Ovi-</strong></span> 
     </span>
     <span class='ocr_line' id='line_1_35' title="bbox 494 4033 2849 4120; baseline -0.001 -21"><span class='ocrx_word' id='word_1_295' title='bbox 494 4035 632 4099; x_wconf 91' lang='lat' dir='ltr'><strong>dius</strong></span> <span class='ocrx_word' id='word_1_296' title='bbox 679 4033 972 4120; x_wconf 86' lang='lat' dir='ltr'><strong>glorians,</strong></span> <span class='ocrx_word' id='word_1_297' title='bbox 1021 4034 1182 4115; x_wconf 91' lang='lat' dir='ltr'><strong>quod</strong></span> <span class='ocrx_word' id='word_1_298' title='bbox 1213 4034 1439 4115; x_wconf 89' lang='lat' dir='ltr'><strong>virum,</strong></span> <span class='ocrx_word' id='word_1_299' title='bbox 1490 4035 1831 4112; x_wconf 86' lang='lat' dir='ltr'><strong>custodem,</strong></span> <span class='ocrx_word' id='word_1_300' title='bbox 1878 4036 2133 4102; x_wconf 89' lang='lat' dir='ltr'><strong>ianuam</strong></span> <span class='ocrx_word' id='word_1_301' title='bbox 2166 4033 2495 4100; x_wconf 86' lang='lat' dir='ltr'><strong>Corinnam</strong></span> <span class='ocrx_word' id='word_1_302' title='bbox 2528 4034 2849 4097; x_wconf 88' lang='lat' dir='ltr'><strong>servantes</strong></span> 
     </span>
     <span class='ocr_line' id='line_1_36' title="bbox 495 4134 2850 4221; baseline -0.001 -20"><span class='ocrx_word' id='word_1_303' title='bbox 495 4137 811 4217; x_wconf 88' lang='lat' dir='ltr'><strong>fefellerit,</strong></span> <span class='ocrx_word' id='word_1_304' title='bbox 837 4138 1012 4203; x_wconf 84' lang='lat' dir='ltr'><strong>Haec</strong></span> <span class='ocrx_word' id='word_1_305' title='bbox 1055 4143 1162 4217; x_wconf 81' lang='lat' dir='ltr'><strong>est,</strong></span> <span class='ocrx_word' id='word_1_306' title='bbox 1211 4140 1431 4221; x_wconf 87' lang='lat' dir='ltr'><strong>inquit,</strong></span> <span class='ocrx_word' id='word_1_307' title='bbox 1469 4140 1817 4221; x_wconf 76' lang='lat' dir='ltr'><strong>praecipuo</strong></span> <span class='ocrx_word' id='word_1_308' title='bbox 1863 4139 2129 4203; x_wconf 70' lang='lat' dir='ltr'><strong>victoria</strong></span> <span class='ocrx_word' id='word_1_309' title='bbox 2158 4139 2359 4221; x_wconf 73' lang='lat' dir='ltr'><strong>diyna</strong></span> <span class='ocrx_word' id='word_1_310' title='bbox 2387 4134 2731 4215; x_wconf 77' lang='lat' dir='ltr'><strong>triumpho,</strong></span> <span class='ocrx_word' id='word_1_311' title='bbox 2762 4135 2850 4199; x_wconf 74' lang='lat' dir='ltr'><strong>In</strong></span> 
     </span>
     <span class='ocr_line' id='line_1_37' title="bbox 493 4239 2846 4327; baseline -0.001 -21"><span class='ocrx_word' id='word_1_312' title='bbox 493 4262 656 4322; x_wconf 75' lang='lat' dir='ltr'><strong>qua,</strong></span> <span class='ocrx_word' id='word_1_313' title='bbox 725 4261 1250 4324; x_wconf 74' lang='lat' dir='ltr'><strong>quaecumque</strong></span> <span class='ocrx_word' id='word_1_314' title='bbox 1306 4247 1421 4323; x_wconf 81' lang='lat' dir='ltr'><strong>est,</strong></span> <span class='ocrx_word' id='word_1_315' title='bbox 1469 4244 1781 4327; x_wconf 72' lang='lat' dir='ltr'><strong>sanquine</strong></span> <span class='ocrx_word' id='word_1_316' title='bbox 1814 4243 2068 4324; x_wconf 75' lang='lat' dir='ltr'><strong>praeda</strong></span> <span class='ocrx_word' id='word_1_317' title='bbox 2110 4246 2309 4326; x_wconf 81' lang='lat' dir='ltr'><strong>caret,</strong></span> <span class='ocrx_word' id='word_1_318' title='bbox 2358 4240 2463 4305; x_wconf 91' lang='lat' dir='ltr'><strong>ubi</strong></span> <span class='ocrx_word' id='word_1_319' title='bbox 2507 4239 2846 4304; x_wconf 87' lang='lat' dir='ltr'><strong>Hertzber-</strong></span> 
     </span>
    </p>
   </div>
   <div class='ocr_carea' id='block_1_3' title="bbox 498 4404 901 4414">
    <p class='ocr_par' dir='ltr' id='par_1_6' title="bbox 498 4404 901 4414">
     <span class='ocr_line' id='line_1_38' title="bbox 498 4404 901 4414; baseline 0 656"><span class='ocrx_word' id='word_1_320' title='bbox 498 4404 901 4414; x_wconf 95' lang='lat' dir='ltr'><strong> </strong></span> 
     </span>
    </p>
   </div>
   <div class='ocr_carea' id='block_1_4' title="bbox 705 4488 2677 4563">
    <p class='ocr_par' dir='ltr' id='par_1_7' title="bbox 705 4488 2677 4563">
     <span class='ocr_line' id='line_1_39' title="bbox 705 4488 2677 4563; baseline -0.003 -16"><span class='ocrx_word' id='word_1_321' title='bbox 705 4494 766 4561; x_wconf 68' lang='lat'><strong>³⁶¹)</strong></span> <span class='ocrx_word' id='word_1_322' title='bbox 810 4493 927 4563; x_wconf 76' lang='lat' dir='ltr'><strong>Quo</strong></span> <span class='ocrx_word' id='word_1_323' title='bbox 962 4509 1020 4547; x_wconf 85' lang='lat' dir='ltr'><strong>se</strong></span> <span class='ocrx_word' id='word_1_324' title='bbox 1056 4506 1297 4561; x_wconf 77' lang='lat' dir='ltr'><strong>quaeque</strong></span> <span class='ocrx_word' id='word_1_325' title='bbox 1325 4498 1493 4560; x_wconf 80' lang='lat' dir='ltr'><strong>paret</strong></span> <span class='ocrx_word' id='word_1_326' title='bbox 1528 4508 1629 4547; x_wconf 74' lang='lat' dir='ltr'><strong>nec</strong></span> <span class='ocrx_word' id='word_1_327' title='bbox 1664 4506 1791 4560; x_wconf 77' lang='lat' dir='ltr'><strong>quos</strong></span> <span class='ocrx_word' id='word_1_328' title='bbox 1826 4495 2053 4545; x_wconf 74' lang='lat' dir='ltr'><strong>venetur</strong></span> <span class='ocrx_word' id='word_1_329' title='bbox 2088 4504 2295 4543; x_wconf 78' lang='lat' dir='ltr'><strong>amores</strong></span> <span class='ocrx_word' id='word_1_330' title='bbox 2329 4488 2677 4543; x_wconf 78' lang='lat' dir='ltr'><strong>R····meret.</strong></span> 
     </span>
    </p>
   </div>
  </div>
 </body>
</html>
