3371 5070
1534 312 1909 412 49.-

740 539 1021 618 Denique
1067 538 1245 599 Aem.
1292 535 1638 613 Baehrens,
1712 537 1814 617 qui
1860 536 2015 598 item
2060 535 2295 599 Nucem
2344 537 2485 600 inde
2531 536 2895 618 desumpsit,

541 644 791 723 (Poetae
837 643 946 706 lat.
996 640 1146 703 min.
1194 637 1247 702 Ι.
1297 638 1378 702 88
1425 639 1582 720 sqq.)
1636 638 1789 703 dicit
1840 638 2113 722 „saeculi
2164 636 2578 703 XI—XII“.
2638 634 2732 703 ita
2775 639 2900 703 fere

539 748 603 808 et
650 763 760 828 ego
806 744 1109 808 iudicem:
1180 742 1335 804 mihi
1396 743 1559 806 enim
1624 743 1689 805 et
1734 742 2124 824 singularum
2171 738 2522 805 litterarum
2582 742 2782 805 forma
2837 746 2900 804 et

536 849 732 912 totius
782 849 1124 927 scripturae
1172 845 1420 909 habitus
1465 845 1693 909 saeculi
1741 845 1849 908 XI.
1891 845 2197 925 posterius
2243 847 2340 909 vel
2389 847 2559 926 prius
2606 845 2752 910 XII.
2795 845 2896 908 ’di-

538 951 803 1013 midium
849 950 1101 1030 prodere
1148 948 1457 1013 videntur.

748 1069 1057 1155 Libellum
1104 1070 1177 1131 de
1244 1067 1652 1131 medicamine
1717 1068 1934 1132 faciei
1968 1067 2136 1132 lectu
2177 1067 2683 1146 difficillimum,
2757 1085 2900 1132 cum

540 1174 740 1237 multa
785 1173 1046 1237 evanida
1091 1178 1278 1253 atque
1326 1172 1612 1235 abstrusa
1657 1171 1818 1246 sint,
1867 1173 2014 1235 dum
2064 1190 2223 1236 anno
2269 1172 2600 1253 praeterito
2648 1170 2899 1234 Floren-

540 1275 666 1339 tiae
731 1275 1016 1339 morabar
1083 1292 1271 1356 quam
1333 1273 1507 1355 potui
1575 1274 2046 1337 accuratissime
2116 1273 2379 1351 contuli,
2456 1291 2651 1354 neque
2717 1272 2900 1356 plura

540 1397 725 1459 quam
783 1376 914 1458 ipse
974 1381 1292 1441 assecutus
1342 1375 1501 1440 ’sum
1570 1376 1708 1441 elici
1769 1394 1942 1456 posse
2000 1380 2169 1459 puto,
2232 1376 2352 1439 nisi
2414 1375 2574 1440 forte
2632 1362 2903 1440 remedia

539 1481 814 1545 chemica
843 1479 1078 1543 fuerint
1111 1479 1415 1543 adhibita.
2186 1495 2192 1505 ·

742 1598 1044 1664 Merkelio
1089 1604 1443 1680 postremus
1488 1600 1655 1663 hunc
1700 1598 1974 1664 codicem
2020 1616 2350 1680 usurpasse
2398 1600 2565 1663 visus
2611 1604 2704 1664 est
2738 1602 2900 1684 Ang.

541 1702 887 1766 Politianus
960 1702 1061 1781 (cf.
1110 1701 1153 1766 1.
1193 1702 1266 1767 c.
1336 1720 1396 1782 p.
1446 1701 1608 1784 III),
1682 1703 1786 1783 qui
1844 1701 1909 1765 in
1968 1686 2267 1783 excerptis
2337 1703 2467 1766 suis
2533 1701 2771 1767 diceret
2834 1724 2900 1768 se

543 1823 684 1868 cum
729 1805 854 1870 alia
897 1807 1035 1870 tum
1081 1806 1272 1870 libros
1319 1806 1624 1869 Tristium
1671 1825 1816 1870 cum
1862 1809 2106 1869 vetusto
2154 1805 2360 1870 codice
2407 1804 2467 1869 S.
2518 1805 2712 1871 Marci
2760 1827 2901 1872 con-

539 1909 774 1978 tulisse.
865 1911 968 1974 sed
1035 1910 1192 1974 falso
1252 1909 1317 1973 id
1378 1909 1729 1992 suspicatus
1777 1910 1872 1974 est
1917 1910 2014 1973 vir
2060 1909 2475 1976 doctissimus
2552 1910 2903 1975 Politianus

543 2013 709 2075 enim
756 2016 1038 2077 mortuus
1086 2015 1182 2077 est
1214 2033 1373 2077 anno
1426 2014 1610 2089 1494,
1659 2015 1713 2077 is
1762 2015 1971 2093 autem
2019 2033 2218 2094 quernv
2248 2030 2357 2078 nos
2405 2013 2699 2078 habemus
2751 2015 2907 2079 liber

456 2177 473 2193 ,
543 2132 703 2178 anno
749 2117 997 2179 demum
1048 2116 1214 2180 1499
1248 2115 1688 2202 bibliothecae
1736 2115 1795 2182 S.
1843 2116 2041 2180 Marci
2102 2120 2196 2180 est
2254 2117 2515 2182 donatus
2565 2118 2904 2182 secundum

541 2221 754 2283 notam
799 2237 984 2299 supra
1028 2219 1421 2301 adscriptam.
1513 2221 1833 2302 praeterea
1894 2219 2167 2284 codicem
2213 2240 2248 2284 a
2293 2220 2606 2286 Politiano
2664 2221 2907 2299 adhibi-

543 2324 680 2384 tum
746 2322 808 2384 et
863 2322 1043 2402 plura
1111 2322 1488 2386 continuisse
1536 2322 1990 2405 scripturasque
2037 2323 2169 2386 eius
2218 2321 2295 2386 ab
2341 2323 2460 2388 hoc*
2494 2323 2905 2405 discrepuisse

544 2427 758 2504 postea
787 2427 1208 2499 ostendemuS‚
1255 2425 1363 2488 ubi
1410 2427 1483 2489 de
1531 2427 1832 2507 excerptis
1877 2424 2180 2490 Politiani
2224 2426 2377 2507 ipsis
2424 2445 2700 2510 agemus.

1115 2649 1179 2715 2.
1221 2631 1319 2715 'ne
1367 2647 1597 2716 codice
1647 2630 2226 2718 cneutenn'amiano
2278 2649 2345 2754 c.

748 2804 903 2869 Cum
952 2808 1015 2870 in
1061 2806 1479 2869 describendis
1545 2805 1892 2883 codicibuS‚
1953 2809 2150 2887 quoad
2217 2806 2352 2870 fieri
2399 2808 2637 2887 potest,
2685 2806 2906 2870 adfini-

540 2909 742 2972 tatem
789 2928 996 2972 eorum
1044 2911 1318 2990 spectare
1365 2909 1524 2971 mihi
1554 2909 2003 2991 proposuerim,
2035 2908 2164 2973 iam
2197 2910 2561 2973 tractandus
2596 2912 2692 2972 est
2723 2911 2906 2973 codex

544 3009 1162 3075 CheltenhamianUS.

745 3130 855 3194 Est
900 3131 1096 3213 igitur
1142 3131 1246 3196 hic
1291 3131 1450 3195 liber
1512 3132 1916 3197 bibliothecae
1963 3132 2235 3196 Thomae
2297 3132 2690 3214 Phillippsii,
2754 3132 2906 3197 olim

543 3232 957 3298 Mediomonti
1029 3232 1446 3316 (Middlehill,
1516 3235 2042 3316 Worstershire)‚
2118 3253 2280 3300 nunc
2348 3234 2813 3300 Cheltenhamii
2873 3255 2910 3301 a

543 3336 905 3418 Phillippsii
950 3356 1177 3419 genero
1223 3337 1371 3401 Rev.
1420 3338 1708 3402 Fenwick
1769 3340 2201 3416 conservatae,
2263 3340 2605 3423 insignitus
2651 3358 2905 3404 numero

545 3441 736 3505 6912.
814 3440 880 3503 in
927 3459 1064 3505 raro
1110 3439 1526 3505 bibliothecae
1570 3440 2063 3524 Phillippsianae
2109 3445 2394 3527 catalogo
2410 3444 2459 3528 ⁴¹)
2508 3444 2663 3509 haec
2710 3444 2911 3506 exstat
2987 3487 2988 3490 ,

546 3550 679 3609 eius
728 3547 1094 3627 descriptio:

551 3645 766 3727 Ovidii
813 3664 1407 3754 Metamorphoseon
1452 3685 1593 3729 cum
1634 3667 1862 3749 ylossis
1911 3668 1977 3729 in
2024 3669 2314 3750 maryine
2358 3671 2414 3730 et
2463 3639 2905 3732 interlineari·

678 3768 788 3831 bus
835 3766 908 3829 4⁰
956 3767 1020 3830 S.
1075 3768 1275 3832 XIII

755 4025 794 4090 ⁴)
823 4023 1171 4078 vindobonae
1206 4024 1472 4093 exemplar
1507 4025 1720 4078 nullum
1758 4027 1960 4077 exstare
1985 4024 2228 4090 videtur3
2267 4039 2400 4093 quae
2425 4040 2588 4093 supra
2614 4022 2822 4088 rettuli,
2849 4037 2909 4075 ex

547 4110 783 4178 exemplo
820 4112 959 4178 quod
984 4115 1067 4164 est
1102 4111 1161 4163 in
1186 4110 1316 4164 bibl.
1338 4113 1487 4179 regia
1510 4110 1842 4164 Berolinensi
1880 4111 1936 4162 in
1973 4127 2126 4178 usum
2167 4127 2340 4164 meum
2365 4110 2594 4163 excussit
2631 4112 2683 4161 S.
2704 4108 2910 4161 Frank-

546 4197 722 4249 furter
757 4196 978 4250 amicus,
1050 4197 1130 4249 De
1183 4196 1510 4250 bibliotheca
1562 4196 2050 4250 Cheltenhamiana
2104 4198 2321 4265 eiusque
2376 4196 2637 4263 catalogis
2691 4194 2789 4248 cf.:
2843 4193 2909 4247 Κ.

547 4280 962 4350 Zangemeister‚
1000 4282 1367 4350 Sitzungsber.
1406 4283 1498 4336 der
1532 4281 1668 4351 phil.
1707 4282 1838 4337 hist.
1877 4280 2058 4335 Classe
2096 4282 2186 4335 der
2222 4282 2436 4335 kaiserl.
2471 4280 2639 4334 Akad.
2668 4280 2719 4335 d.
2749 4279 2911 4341 Wiss.

544 4366 645 4419 Bd.
687 4366 984 4431 LXXXIV,
1023 4367 1072 4421 S.
1112 4372 1213 4421 573
1252 4368 1308 4419 ff.
