3371 5070
1516 450 1945 514 -82-

562 636 832 709 minime
878 639 1160 704 faventes
1206 636 1480 703 versibus
1526 641 1660 702 tam
1705 639 2095 722 elegantibus
2142 639 2426 706 videmus
2472 658 2806 722 expressas,
2854 642 2926 702 ut

575 759 652 809 ne
696 741 850 805 talia
896 743 1149 825 quidem
1195 738 1472 805 habeant
1519 740 1911 819 duriuscule,
1961 744 2175 824 qualia
2218 743 2310 808 in„
2331 742 2587 826 reliquis
2630 742 2926 807 carmini-

570 843 685 907 bus
729 843 853 908 sibi
896 846 1181 926 permisit
1227 842 1515 919 Ovidius;
1584 845 1868 927 equidem
1938 850 2105 910 certe
2166 865 2242 911 ne
2288 845 2617 909 minimam
2674 845 2925 927 quidem

571 945 783 1012 inveni
827 946 891 1011 in
935 965 1225 1012 versuum
1271 949 1586 1010 structura
1639 947 2059 1011 offensionem.
2128 951 2342 1013 contra
2401 948 2602 1013 multa
2656 947 2926 1031 produnt

571 1046 888 1128 Ovidium,
935 1069 1092 1132 quae
1139 1053 1212 1114 ut
1266 1067 1386 1113 non
1447 1050 1610 1114 tanti
1669 1049 1798 1115 sint
1842 1050 2091 1133 singula
2115 1100 2129 1128 ,
2189 1054 2401 1115 tamen
2451 1051 2781 1116 coniuncta
2823 1052 2926 1115 vix

570 1154 766 1219 ullam
812 1171 1129 1235 superesse
1161 1151 1614 1217 dubitationem
1649 1153 1726 1217 de
1758 1153 2058 1218 carminis
2088 1152 2271 1217 huius
2302 1156 2552 1218 auctore
2583 1153 2925 1235 patiuntur.

768 1276 862 1340 Ac
926 1274 1200 1357 primum
1273 1274 1521 1355 quidem
1596 1274 1759 1357 quod
1828 1273 2091 1339 Ovidius
2165 1274 2410 1356 saepius
2481 1293 2666 1356 quam
2739 1274 2927 1339 ceteri

552 1376 786 1463 'poetae
829 1377 1097 1443 Romani
1143 1394 1285 1441 suos
1331 1378 1462 1461 ipse
1508 1396 1721 1443 versus
1768 1379 1879 1442 aut
1938 1381 2100 1443 totos
2170 1382 2281 1443 aut
2343 1378 2571 1443 saltem
2634 1395 2925 1443 versuum

568 1484 779 1564 partes
843 1480 1001 1546 solet
1066 1482 1365 1563 repetere,
1433 1479 1500 1544 in
1547 1480 1895 1563 complures
1958 1480 2141 1545 huius
2195 1480 2395 1546 libelli
2460 1500 2675 1546 versus
2739 1480 2925 1547 cadit.

566 1587 712 1649 sunt
757 1585 967 1649 autem
1026 1582 1094 1648 hi
1155 1583 1413 1664 (passim
1481 1584 1670 1648 etiam
1735 1584 1892 1649 tales
1958 1583 2307 1650 adscribam
2354 1601 2592 1663 versus,
2660 1584 2768 1667 qui
2824 1583 2925 1648 in-

564 1688 804 1771 signem
848 1704 996 1769 prae
1043 1705 1108 1751 se
1152 1686 1365 1750 ferunt
1409 1685 1888 1753 similitudinem
1932 1688 2313 1770 structurae3
2358 1705 2503 1752 nam
2548 1690 2610 1752 et
2653 1688 2767 1752 hoc
2811 1686 2926 1752 ali-

566 1790 713 1873 quid
760 1789 1116 1873 argumenti
1161 1789 1399 1863 habere⁴
1432 1789 1699 1870 videtur,
1744 1791 1797 1854 si
1844 1790 1994 1856 haec
2036 1790 2369 1856 intercedit
2414 1788 2792 1855 similitudo:

863 1933 920 1979 v.
968 1913 1030 1978 8.
1076 1910 1292 1994 Niqra
1336 1909 1447 1974 sub
1489 1910 1779 1991 imposito
1820 1930 2132 1975 marmore
2174 1916 2348 1975 terra
2464 1909 2612 1974 latet

563 2020 710 2086 Am.
735 2017 767 2082 Ι
794 2018 854 2082 8.
878 2017 1037 2082 1043
1083 2015 1301 2095 Impia
1345 2014 1456 2078 sub
1503 2015 1675 2080 dulei
1824 2014 2002 2080 melle
2170 2034 2406 2080 venena
2465 2014 2713 2099 latent):

955 2120 1031 2185 63
1079 2117 1392 2199 Fissaque
1479 2117 1818 2200 adoptivas
1860 2118 2094 2200 accipit
2138 2119 2329 2183 arbor
2372 2136 2513 2200 opes

561 2226 643 2292 A.
678 2242 735 2289 a.
771 2223 835 2290 11
880 2222 1038 2289 652:
1087 2220 1437 2301 Firmaque
1480 2220 1812 2304 adoptivas
1855 2221 2044 2285 arbor
2084 2221 2329 2286 habebit
2371 2241 2511 2303 opes

958 2326 1034 2390 8:
1083 2323 1299 2407 Niyra
1340 2324 1455 2388 sub
1496 2325 1791 2405 imposito
1835 2345 2149 2388 marmore
2192 2330 2366 2390 terra
2414 2324 2563 2389 latet

623 2430 795 2496 Fast.
827 2430 889 2495 Π
922 2428 1034 2493 723
1083 2425 1371 2493 Concitat
1384 2476 1401 2509 ,
1447 2432 1562 2490 aut
1592 2428 1812 2510 posita
1855 2428 1967 2492 sub
2009 2428 2150 2492 nive
2193 2433 2368 2492 terra
2413 2428 2562 2493 latet

568 2552 740 2635 (Am.
772 2552 805 2616 I
836 2551 895 2616 8.
935 2550 1059 2615 104
1089 2569 1148 2615 v.
1180 2550 1395 2634 supra)

915 2673 1028 2737 11:
1076 2670 1386 2735 Forsitan
1453 2671 1761 2753 antiquae
1829 2671 2015 2735 Tatio
2072 2672 2184 2735 sub
2227 2692 2365 2755 reye
2433 2670 2709 2735 Sabinae
2804 2706 2807 2709 ·

1160 2774 1557 2842 Maluerint.
1583 2827 1600 2843 .
1626 2825 1642 2842 .

555 2880 701 2944 Am.
730 2878 763 2942 I
809 2878 870 2944 8.
902 2876 1021 2944 39:
1069 2875 1377 2941 Forsitan
1418 2877 1787 2963 inmundae,
1838 2878 2027 2944 Tatio
2069 2885 2390 2964 reynante,
2426 2879 2709 2947 Sabinae

1170 2980 1543 3049 Noluerint.
1571 3033 1587 3049 .
1613 3032 1629 3048 .

913 3083 1025 3148 14:
1071 3082 1426 3148 Assiduum
1672 3085 1833 3149 duro
1947 3085 2179 3168 pollice
2221 3085 2406 3152 nebat
2435 3105 2589 3169 opus

710 3186 869 3252 Ibid.
904 3186 1024 3251 76:
1075 3186 1367 3268 Quaeque
1411 3192 1626 3251 ratum
1669 3188 1914 3271 triplici
1950 3188 2181 3269 pollice
2226 3189 2391 3252 netis
2434 3208 2587 3268 opus

911 3289 1023 3354 18:
1085 3287 1291 3353 Vultis
1349 3290 1657 3355 inaurata
1725 3310 1990 3372 corpora
2031 3297 2186 3355 veste
2229 3292 2351 3375 teqi

555 3392 704 3456 Her.
721 3391 879 3457 XIII
909 3391 1025 3457 32:
1074 3392 1206 3457 Nee
1252 3393 1395 3457 libet
1439 3398 1679 3459 aurata
1722 3413 1989 3476 corpora
2030 3398 2185 3458 veste
2230 3395 2352 3478 teyi

907 3494 1018 3561 193
1082 3493 1289 3558 Vultis
1332 3495 1617 3559 odoratos
1650 3496 1868 3577 positu
1911 3497 2169 3560 variare
2214 3495 2481 3577 capillos

551 3598 691 3661 Am.
724 3596 825 3661 III
862 3598 919 3660 1.
952 3594 1025 3663 72
1073 3595 1253 3661 Venit
1325 3598 1621 3663 odoratos
1665 3598 1933 3683 Eleqeia
1975 3619 2143 3663 nexa
2214 3599 2480 3687 capillos

551 3699 736 3784 (Met.
765 3700 828 3765 Π
857 3698 1020 3768 4123
1070 3698 1211 3764 Nee'
1237 3700 1452 3780 positu
1493 3702 1754 3765 variare
1797 3706 2031 3782 eomas)

902 3802 1020 3871 213
1065 3802 1355 3867 Induitis
1397 3803 1550 3869 eollo
1639 3804 1884 3886 lapides
1926 3806 2158 3872 oriente
2189 3807 2420 3890 petitos

549 3906 701 3971 Met.
717 3905 838 3970 V11
861 3906 1021 3972 266:
1065 3905 1285 3970 Adicit
1327 3911 1594 3972 extremo
1636 3906 1885 3990 lapides
1928 3915 2156 3975 oriente
2189 3910 2421 3993 petitos

899 4009 1014 4074 23:
1063 4006 1196 4073 Nee
1243 4012 1456 4074 tamen
1499 4010 1887 4095 indiynum:
1930 4014 2013 4077 sit
2054 4013 2223 4079 vobis
2266 4033 2425 4079 eura
2457 4011 2760 4094 placendi

549 4111 739 4177 Am.1
774 4111 871 4177 10.
897 4110 1013 4175 53:
1060 4109 1192 4176 Nec
1235 4116 1447 4177 tamen
1490 4113 1834 4198 indiynum
1885 4118 1999 4199 (est
2043 4137 2087 4180 a
2128 4116 2321 4181 divite
2362 4116 2659 4198 praemia
2691 4114 2898 4198 posci)

756 4219 757 4222 ’
896 4213 1012 4279 313
1055 4212 1179 4278 Est
1220 4216 1413 4280 etiam
1447 4218 1774 4298 placuisse
1818 4218 1940 4283 sibi
1983 4239 2399 4301 quaecumque
2526 4218 2819 4299 voluptas

544 4314 695 4380 Her.
731 4314 856 4382 XII
898 4315 1014 4383 213
1057 4315 1180 4381 Est
1220 4317 1442 4400 aliqua
1483 4319 1740 4404 inyrato
1784 4321 2077 4386 meritum
2119 4322 2490 4404 exprobrare
2532 4321 2819 4404 voluptas

594 4445 625 4482 n
673 4416 824 4483 XVI
858 4419 1012 4485 1313
1058 4418 1295 4485 Prima
1337 4441 1476 4486 mea
1519 4426 1607 4486 est
1650 4425 1852 4507 iyitur
1896 4423 2119 4489 Veneri
2152 4424 2473 4506 placuisse
2526 4424 2815 4506 voluptas
