3371 5070
1425 434 1840 499 -17-

442 623 630 705 411²)
713 622 993 688 Libellus
1080 623 1156 686 de
1231 621 1396 687 med.
1472 621 1658 686 faciei
1740 623 1988 702 (inscr.:
2078 622 2158 689 P.
2237 621 2457 687 Ovidii
2528 621 2823 687 Nasonis

456 726 890 793 Sulmonensis
933 726 1007 790 de
1060 725 1474 790 medicamine
1529 724 1721 806 faciei
1749 758 1750 761 ¹
1778 724 2025 789 libellus
2077 727 2311 808 incipit
2318 753 2347 810 ;
2420 727 2685 792 subscr.:
2730 725 2812 791 P.

456 830 673 896 Ovidii
720 829 1008 896 Nasonis
1054 820 1495 895 Sulmonensis
1537 829 1612 892 de
1640 828 2068 894 medicamine
2110 829 2302 910 faciei
2341 830 2594 894 libellus
2636 828 2813 910 foeli-

453 935 605 999 citer
644 934 847 1016 fiuit)‚
899 932 1000 998 12.
1049 932 1212 996 Nux,

600 1036 605 1041 ’
659 1034 1215 1115 Accuratissimam
1245 1034 1430 1098 huius
1461 1035 1704 1115 codicis,
1733 1055 1810 1099 ex
1841 1053 1961 1118 quo
1996 1034 2333 1100 editionem
2363 1037 2816 1101 Bononiensem

454 1140 712 1205 ductam
757 1156 886 1203 esse
931 1141 1144 1218 postea
1198 1136 1770 1203 demonstrabimus
1786 1187 1803 1220 ,
1871 1138 2138 1204 confecit
2195 1138 2559 1222 Sedlmayer
2613 1157 2815 1218 meuS,

452 1247 603 1308 dum
657 1260 849 1324 nuper
904 1241 1136 1306 Romae
1195 1239 1718 1306 commorabatur.
1811 1246 2055 1324 praeter
2100 1241 2265 1307 hunc
2321 1241 2561 1307 librum
2626 1241 2818 1307 etiam

451 1345 556 1409 alii
589 1345 656 1410 in
683 1343 1069 1410 bibliotheca
1092 1344 1400 1409 Vaticana
1431 1347 1671 1408 exstare
1706 1345 2014 1423 videntur,
2062 1347 2167 1427 qui
2212 1345 2503 1412 libellum
2535 1348 2816 1409 nostrum

455 1449 772 1513 continent
793 1445 906 1530 11);
955 1466 1106 1529 quos
1149 1448 1363 1512 tamen
1407 1449 1475 1512 in
1517 1448 1749 1513 misera
1794 1448 1998 1513 adhuc
2029 1449 2453 1534 catalogorum
2477 1448 2816 1513 Vaticano-

450 1570 592 1615 rum
636 1551 995 1625 condicione
1039 1551 1315 1614 invenire
1362 1568 1481 1615 non
1527 1550 1794 1634 contigit
1841 1550 2254 1636 Sedlmayem.
2302 1557 2575 1617 ceterum
2621 1570 2818 1633 neque

446 1655 746 1720 Heinsius
763 1703 779 1733 ,
851 1653 954 1719 cui
1008 1654 1082 1718 ut
1132 1653 1362 1735 ‘paucis
1407 1654 1617 1737 copias
1663 1654 1999 1719 Vaticanas
2043 1657 2416 1737 perscrutari
2463 1655 2677 1733 licuit,
2737 1654 2818 1717 ad

448 1758 565 1824 hoc
610 1758 893 1839 quidem,
968 1756 1132 1839 quod
1195 1760 1568 1838 tractamuS,
1643 1758 2014 1838 opusculum
2083 1758 2355 1824 codicem
2418 1758 2814 1832 Urbinatem,

454 1878 636 1942 quem
665 1878 851 1941 supra
875 1860 1330 1942 descripsimuS‚
1363 1860 1667 1940 adhibuit,
1700 1861 1821 1926 nisi
1852 1861 2013 1925 forte
2045 1861 2353 1927 maximae
2386 1862 2818 1945 neglegentiae

452 1984 591 2030 eum
639 1965 735 2029 vis
782 1964 1064 2029 incusare
1109 1965 1175 2028 in
1221 1966 1528 2030 enotanda
1573 1960 1918 2046 scripturae
1965 1965 2398 2047 discrepantia.

950 2172 1015 2239 ΙΙ.
1066 2172 1153 2239 ne
1199 2170 1430 2241 codice
1482 2172 1919 2242 Laurentiano
1969 2172 2185 2241 altero
2235 2171 2315 2255 Ι..

659 2307 862 2374 Codex
893 2310 1344 2375 Laurentianus
1390 2309 1587 2391 plutei
1629 2309 1796 2377 XCI.
1828 2329 1963 2392 sup.
1998 2311 2098 2389 26,
2134 2311 2228 2375 est
2258 2310 2617 2374 chartaceus
2647 2305 2715 2370 in
2745 2303 2819 2370 8⁰

455 2414 746 2476 constans
793 2410 961 2475 foliis
1012 2411 1152 2490 122,
1199 2412 1611 2478 multifariam
1658 2415 1963 2477 correctus
2011 2418 2074 2478 et
2117 2413 2345 2495 glossis
2394 2430 2539 2476 cum
2583 2409 2816 2491 margi-

451 2514 714 2594 nalibus,
763 2516 901 2581 tum
944 2515 1450 2582 interlinearibus
1497 2517 1792 2598 refertus,
1841 2517 2112 2601 scriptus
2159 2538 2213 2583 a.
2264 2515 2463 2601 1464,
2522 2512 2591 2577 id
2652 2510 2815 2594 quod

448 2618 602 2683 haec
647 2621 918 2683 testatur
962 2607 1330 2700 subscriptio
1378 2619 1602 2684 ultimo
1648 2620 1800 2696 folio
1846 2622 2118 2687 adiecta:

654 2739 938 2804 Ioannes
982 2731 1309 2819 Sulpicius
1356 2742 1570 2822 (supra
1612 2741 1877 2821 lineam)
1925 2740 2278 2804 uerulauus
2327 2736 2660 2817 exscripsit
2702 2734 2816 2798 hoc

452 2862 607 2924 opus
637 2841 837 2907 ο1464
868 2842 1132 2908 Sextilis
1161 2842 1261 2906 die
1290 2846 1438 2935 gnte
1469 2842 1737 2907 decimo:
1781 2843 1864 2907 do
1902 2845 2074 2925 fias,
2108 2843 2336 2907 Insunt
2382 2842 2591 2905 autem
2637 2840 2817 2903 haec:

660 2965 714 3026 1.
764 2964 1021 3044 Sappho
1062 2967 1231 3027 vates
1276 2963 1546 3027 Lesbida
1590 2964 1677 3027 ad
1723 2961 2052 3027 Phaonem
2110 2964 2396 3030 Siculum
2440 2962 2543 3027 fol.
2595 2960 2811 3024 1—52.

658 3066 717 3129 2.
764 3066 851 3128 Iu
907 3067 1065 3130 iocis
1113 3066 1299 3131 Galli
1347 3070 1567 3146 poetae
1615 3065 1723 3132 fol.
1768 3064 1857 3144 5¹⁰,
1930 3067 2318 3148 poematium
2362 3066 2447 3130 25
2494 3082 2815 3138 versuum,

452 3168 628 3231 cuius
673 3168 931 3233 initium
977 3171 1101 3233 est:
2041 3165 2046 3168 Δ

535 3269 738 3334 Lidia
783 3270 947 3336 bella
979 3270 1204 3351 puella
1248 3271 1551 3353 eandida,

538 3374 713 3454 Quae
757 3373 902 3437 bene
945 3393 1209 3454 superas
1253 3373 1354 3437 lac
1397 3378 1455 3438 et
1502 3374 1714 3437 lilium

533 3476 889 3556 Albamque
932 3478 1125 3541 simul
1169 3496 1380 3540 rosam
1424 3477 1748 3544 rubidam.
1776 3528 1793 3544 .
1818 3526 1835 3543 .
1885 3478 2169 3560 (Anthol.
2203 3480 2342 3545 Lat.
2375 3499 2489 3547 rec.
2517 3482 2594 3546 A.
2628 3482 2814 3547 Riese

754 3582 784 3643 I
831 3580 892 3645 2.
939 3601 995 3663 p.
1043 3580 1237 3661 XLI).

651 3683 716 3747 3.
761 3684 1167 3765 Praeceptum
1214 3682 1440 3748 medici
1487 3683 1826 3764 cuiusdam,
1871 3687 1991 3751 nisi
2035 3687 2234 3768 fallor,
2280 3687 2386 3751 fol.
2420 3688 2517 3761 6²3
2566 3686 2609 3750 f.
2650 3686 2719 3751 6¹>
2751 3687 2817 3750 et

453 3784 493 3846 7
541 3789 687 3850 sunt
729 3804 942 3851 vacua.
2321 3791 2324 3794 ’

652 3889 713 3953 4.
758 3888 890 3952 Ars
933 3889 1203 3953 amandi
1260 3890 1365 3954 fol.
1418 3890 1702 3956 72—51b.
1778 3892 1880 3956 Ad
1924 3892 2024 3956 III
2070 3893 2197 3957 205
2266 3890 2412 3968 (Est
2470 3892 2633 3956 mihi
2692 3912 2814 3974 quo

444 3990 585 4055 dixi
641 3997 876 4057 vestrae
935 3992 1360 4058 medicamina
1413 3993 1679 4075 formae)
1751 3995 1816 4058 in
1884 3998 2164 4077 margine
2231 3993 2618 4075 adscriptum
2683 3997 2810 4059 est:

448 4091 624 4175 Opus
667 4095 741 4158 de
784 4080 1148 4159 medicamie'
1188 4095 1398 4176 faciei.

652 4311 721 4377 ¹¹)
779 4309 847 4363 ad
900 4325 948 4362 v.
1005 4315 1035 4361 3
1086 4309 1344 4365 Ciofanus
1391 4311 1616 4363 adnotat
1675 4307 1860 4362 „ambo
1905 4307 2232 4362 Vaticanosu
2287 4309 2535 4379 praebere
2588 4311 2814 4364 humum

444 4395 707 4460 sterilem,
753 4393 991 4449 Urbinas
1027 4411 1181 4464 quem
1218 4411 1377 4463 supra
1411 4393 1664 4462 descripsi
1700 4392 1888 4446 habet:
1934 4393 2156 4448 humum
2191 4394 2482 4464 quondam.
2558 4394 2810 4450 Heinsius

442 4484 571 4535 nota
631 4497 794 4549 supra
847 4480 1116 4549 adscripta
1150 4481 1285 4534 dicit
1319 4497 1494 4535 unum
1542 4480 1871 4535 Vaticanum
1904 4478 2193 4535 inscribere
2247 4481 2314 4535 de
2364 4479 2585 4537 Ornata
2623 4481 2809 4548 faciei.

2569 4574 2599 4622 2
