3371 5070
1423 1326 1755 1436 PARS
1819 1337 1929 1436 ΙΙ.

572 1530 887 1613 Ovidii
929 1550 1137 1611 esse
1174 1530 1604 1612 libellum
1641 1530 1765 1611 de
1802 1531 2446 1613 medicamine
2481 1535 2780 1615 faciei.

707 1885 1150 1988 Quaestionem
1174 1924 1248 1987 de
1279 1922 1512 2005 origine
1542 1921 1747 1986 libelli
1777 1940 1958 2003 quem
1991 1924 2327 1985 tractamus
2363 1923 2636 1987 nondum
2670 1941 2850 2003 expe-

501 2022 701 2088 ditam
731 2026 958 2089 nedum
989 2024 1343 2090 absolutam
1374 2044 1500 2089 esse
1525 2024 1651 2089 iam
1677 2043 1869 2105 supra
1896 2025 2179 2088 diximus,
2213 2025 2448 2087 etenim
2470 2024 2851 2102 BorriehiuS,

503 2125 578 2189 ad
603 2145 784 2207 quem
831 2129 1015 2210 vulgo
1046 2128 1414 2210 relegamur,
1441 2127 1601 2191 nihil
1624 2127 1797 2192 aliud
1822 2126 1977 2191 dicit
2006 2127 2070 2190 in
2105 2127 2250 2190 diss
2285 2130 2358 2191 de
2389 2130 2585 2208 poetis
2617 2129 2648 2192 I
2681 2131 2740 2208 ξ.
2774 2128 2852 2192 22

506 2226 739 2308 (Ovidii
772 2247 867 2309 op.
895 2229 986 2292 ed.
1013 2230 1229 2293 Burm.
1254 2232 1300 2292 t.
1328 2229 1436 2292 IV.
1471 2248 1530 2309 p.
1564 2230 1716 2310 227)
1759 2229 1913 2293 nisi:
1961 2228 2172 2293 Plura
2203 2230 2528 2309 scripsisse
2557 2230 2852 2294 Ovidium

500 2336 755 2410 constat,
802 2384 816 2398 .
844 2382 858 2397 .
887 2334 1020 2399 ‚sed
1067 2333 1509 2412 Philomelam,
1561 2333 2025 2416 Paneyyricum
2070 2335 2155 2397 ad
2198 2335 2520 2409 Pisonem,
2569 2333 2854 2398 Pulicem

499 2438 552 2496 el
609 2434 684 2496 de
748 2437 1158 2500 medicamine
1202 2436 1391 2516 faciei
1445 2457 1571 2501 non
1642 2458 1767 2503 csse
1821 2438 2161 2502 Ovidianos
2202 2439 2406 2519 foetas
2469 2440 2858 2502 consentiant

497 2539 755 2623 eruditi,
785 2545 846 2604 et
885 2539 1034 2605 G.1.
1075 2541 1349 2618 VossiuS‚
1397 2543 1473 2605 ad
1521 2562 1701 2623 quem
1751 2542 1970 2606 itidem
2016 2561 2125 2605 nos
2160 2543 2429 2606 reiciunt
2476 2562 2572 2606 vv.
2622 2543 2740 2617 dd„
2792 2544 2857 2606 in

500 2639 667 2705 Orat.
701 2641 895 2707 instit.
931 2644 1014 2721 V,
1050 2643 1169 2708 ΙΙΙ.
1197 2647 1236 2707 2
1290 2644 1387 2714 (de
1432 2646 2018 2725 ΕΠΙΣΤΡΟΦΗι)
2070 2644 2226 2707 nihil
2273 2645 2444 2708 aliud
2491 2646 2643 2708 nisi:
2693 2644 2856 2708 Scite

497 2764 730 2825 qaoque
779 2744 1070 2810 Ovidius:
1137 2746 1311 2810 Rare
1361 2747 1500 2830 (sic)
1566 2746 1763 2810 latent
1781 2767 1800 2809 .·
1863 2747 2233 2827 fimumque
2295 2765 2504 2809 comas
2564 2746 2703 2809 licet
2746 2768 2855 2809 ar-

497 2850 661 2913 duas
703 2851 858 2914 illas
920 2848 1082 2914 Celet
1127 2849 1312 2913 Atlas
1362 2850 1498 2931 (sie)
1522 2900 1536 2929 ,
1596 2849 1802 2912 cultas
1858 2850 2030 2913 altas
2087 2847 2328 2911 habebit
2373 2848 2580 2912 Atlas.
2656 2849 2854 2913 Locus

496 2957 581 3016 est
651 2952 750 3016 lib.
824 2953 897 3017 de
965 2954 1392 3017 Medicamine
1455 2953 1679 3034 faciei,
1754 2972 1933 3032 quem
1990 2952 2149 3014 mali
2216 2951 2422 3032 aliqui
2489 2953 2565 3015 ab
2637 2951 2855 3015 Ovidio

497 3055 897 3135 abiudicavit,
966 3076 1106 3120 cam
1157 3076 1280 3136 pro
1346 3076 1455 3119 sao
1512 3058 1640 3136 ipse
1699 3059 1990 3138 aynoscat
2046 3056 2120 3118 in
2165 3055 2304 3118 III.
2353 3054 2426 3117 de
2470 3053 2663 3119 Arte:
2735 3055 2858 3119 Est

497 3160 654 3222 mila·
711 3180 829 3240 quo
873 3161 1015 3224 dixi
1061 3166 1167 3226 etc.
1218 3166 1569 3225 accuratam
1617 3180 1758 3225 vero
1806 3162 1881 3224 de
1925 3161 2042 3224 hae
2085 3180 2148 3223 re
2181 3160 2662 3242 disputationem
2708 3179 2855 3224 nus-

500 3283 686 3345 quam
743 3264 1036 3331 invenies,

707 3366 874 3446 Quae
923 3385 1065 3431 eum
1111 3367 1203 3431 ita
1247 3367 1375 3431 sint
1430 3367 1714 3448 equidem
1776 3386 1938 3443 rem,
1985 3366 2184 3447 quoad
2240 3370 2486 3447 potem,
2537 3366 2857 3430 absolvere

505 3469 783 3534 conabor.

702 3570 1160 3637 Gravissimum
1209 3572 1403 3653 igitur
1433 3570 1641 3635 Ovidii
1676 3571 1872 3654 ipsius
1918 3571 2344 3635 testimonium
2394 3576 2546 3635 sunt
2578 3590 2673 3635 vv,
2708 3571 2857 3633 Art.

498 3695 615 3740 am.
651 3675 751 3739 III
782 3673 908 3739 205
940 3694 1070 3756 sqq.

803 3794 924 3860 Est
969 3794 1152 3871 mihi,
1206 3813 1324 3874 quo
1369 3794 1511 3857 dimi
1553 3798 1788 3857 vestrae
1832 3791 2252 3857 medicamina
2298 3793 2563 3873 formae,

908 3898 1183 3982 Parvus,
1232 3898 1336 3962 sed
1383 3918 1538 3962 cura
1578 3898 1840 3981 mande,
1892 3897 2154 3973 libellus,
2201 3917 2376 3978 opuS,

804 4004 978 4068 Hinc
1009 4023 1256 4083 qaoque
1275 4001 1696 4084 praesidium,
1733 4000 1952 4081 laesae,
1976 4002 2243 4081 petitote,
2268 3999 2530 4080 paellae

908 4105 1055 4169 Non
1105 4108 1194 4168 est
1233 4123 1355 4185 pro
1398 4104 1614 4168 vestris
1657 4123 1771 4166 ars
1817 4123 1954 4166 mea
1998 4103 2177 4166 rebus
2219 4103 2418 4165 inem.

704 4236 933 4316 Quodsi
980 4238 1198 4299 contra
1241 4235 1357 4300 hoe
1402 4235 1835 4299 testimonium
1880 4235 2154 4298 statuere
2199 4233 2503 4296 vellemus
2547 4228 2853 4304 libellum,

499 4340 604 4422 qui
651 4339 764 4403 sub
813 4337 1020 4402 Ovidii
1071 4338 1325 4402 nomine
1371 4340 1442 4402 de
1487 4337 1603 4401 hae
1650 4337 2027 4419 compositus
2082 4335 2347 4398 materia
2422 4333 2501 4395 ad
2559 4349 2667 4396 nos
2712 4349 2857 4413 per-

501 4442 690 4521 venit,
739 4440 1081 4526 genuinum
1133 4459 1253 4504 non
1301 4459 1450 4524 esse,
1498 4443 1714 4505 tantae
1761 4440 1826 4504 in
1873 4457 1943 4502 eo
1989 4441 2096 4503 aut
2142 4455 2348 4501 rerum
2379 4439 2489 4499 aut
2522 4433 2855 4498 verborum
