3371 5070
1478 517 1898 582 -15-

925 703 1188 769 Ovidius
1242 704 1811 784 metamorphoseon
1826 754 2186 776 .........
2241 708 2290 788 f.
2423 712 2462 770 1

1060 836 1088 870 n
1237 809 1548 889 fastorum
1564 858 2182 875 ...............
2246 837 2276 874 n
2329 811 2460 874 123

1056 939 1084 976 n
1234 911 1529 992 eplarum
1571 961 2187 978 ...............
2252 940 2283 976 π
2330 914 2457 974 149

1051 1041 1081 1078 n
1230 1033 1520 1078 amorum
1564 1015 1694 1077 sive
1732 1013 1807 1078 cle
1852 1015 2065 1080 titulo,
2089 1065 2107 1080 .
2136 1064 2152 1080 .
2180 1065 2194 1080 .
2257 1043 2287 1079 n
2336 1018 2459 1080 169

1056 1145 1087 1181 n
1237 1116 1312 1181 de
1355 1121 1491 1181 arte
1533 1117 1803 1180 amandi
1830 1166 2190 1184 .........
2253 1145 2283 1180 π
2330 1120 2462 1181 182

1057 1249 1088 1286 n
1241 1220 1316 1285 de
1359 1219 1627 1284 remedio
1674 1219 1913 1283 amoris
1956 1268 2186 1286 ......
2251 1248 2281 1284 n
2329 1223 2459 1284 193

1055 1352 1084 1388 n
1234 1324 1309 1387 de
1352 1323 1638 1386 tristibus
1654 1371 2191 1390 .............
2257 1351 2286 1386 n
2333 1326 2459 1385 199

1056 1456 1086 1494 n
1237 1429 1311 1492 de
1344 1433 1544 1508 ponto
1573 1477 2192 1495 ...............
2257 1456 2287 1491 π
2337 1431 2465 1492 217

1057 1561 1086 1596 π
1237 1532 1311 1595 cle
1354 1531 1532 1615 ybide
1577 1535 1701 1596 sive
1744 1531 1818 1594 cle
1861 1533 1935 1594 in
1979 1531 2145 1598 ibin.
2173 1583 2186 1597 .
2251 1560 2280 1595 π
2322 1534 2460 1596 233

1022 1663 1087 1698 .n
1235 1635 1309 1698 de
1340 1634 1717 1716 philomena
1742 1684 2185 1701 ...........
2249 1663 2279 1698 n
2330 1637 2463 1700 236

1057 1765 1087 1800 n
1238 1738 1311 1801 cle
1346 1739 1564 1818 pulice
1602 1787 2181 1805 ..............
2246 1766 2274 1800 n
2325 1741 2462 1803 237

1057 1870 1085 1904 n
1235 1842 1310 1906 de
1354 1861 1586 1920 somn0‚
1633 1841 1709 1906 cle
1754 1861 1911 1905 nuce
1955 1890 1970 1906 .
1997 1891 2012 1905 .
2040 1893 2054 1906 .
2084 1831 2097 1906 ζ
2126 1890 2141 1906 .
2170 1891 2183 1906 .
2248 1870 2278 1905 π
2329 1844 2465 1905 237

1059 1974 1088 2010 n
1238 1946 1311 2010 de
1370 1945 1779 2010 medicamine
1842 1946 2106 2008 aurium

1058 2076 1087 2112 n
1236 2049 1310 2112 cle
1369 2049 1779 2113 medicamine
1836 2047 2028 2128 faciei
2175 1969 2197 2108 ξ
2257 2025 2286 2061 ⁷’
2332 1999 2463 2059 138

1236 2153 1481 2232 (insor.:
1544 2152 1733 2233 Incip
1781 2152 2047 2217 Ovidius
2090 2152 2163 2217 cle
2206 2137 2594 2252 medicam}
2610 2152 2800 2233 faciei

1233 2255 1496 2321 subscr.:
1544 2254 1838 2335 Explicit
1888 2247 2094 2319 Ovidi'
2139 2255 2212 2318 de
2241 2256 2607 2320 medicamie
2647 2257 2863 2339 faciei)

1059 2385 1088 2420 n
1239 2356 1312 2420 cle
1355 2358 1590 2440 cucul0‚
1639 2359 1712 2421 de
1755 2357 1899 2438 fuco
1944 2409 2173 2426 ......
2187 2361 2259 2446 f.
2309 2362 2461 2424 239.

719 2476 1292 2558 Metamorphoseon
1360 2479 1599 2543 textum
1660 2480 1943 2560 sequitur
1989 2486 2279 2560 summa,
2347 2500 2502 2563 quae
2547 2480 2621 2545 iis
2685 2483 2867 2566 vulgo

514 2580 658 2646 addi
702 2584 863 2647 solet
911 2599 1052 2645 cum
1101 2581 1217 2645 hae
1269 2582 1751 2665 subscriptione:
1822 2582 2116 2663 Eoeplicit
2174 2603 2421 2647 summa
2482 2584 2864 2649 memorialis

517 2682 729 2749 Ovidii
774 2684 1332 2766 metamorphoseos
1376 2685 1715 2766 composita
1746 2706 1788 2748 a
1819 2686 2121 2767 mayistro
2154 2686 2395 2750 Enrico
2424 2686 2497 2750 cle
2532 2687 2864 2768 Capi-iana

513 2790 636 2854 eive
679 2793 1047 2856 mantuano,

1878 2874 2165 2939 Enricus
2207 2875 2281 2939 de
2331 2875 2669 2957 Capriana

2052 2983 2461 3042 mantuanus,

718 3099 1016 3164 Merkelio
1091 3100 1254 3180 (quiz
1305 3097 1609 3179 Capiana
1655 3100 1851 3180 dedit)
1901 3099 2004 3163 hic
2047 3099 2269 3182 prioris
2316 3100 2512 3181 partis
2558 3118 2872 3183 possessor

516 3218 645 3265 esse
691 3201 1037 3267 videbatur.
2043 3261 2050 3266 .

719 3305 809 3368 De
857 3303 1002 3367 fatis
1056 3304 1238 3369 huius
1305 3303 1454 3369 libri
1521 3307 1679 3368 teste
1738 3304 2036 3369 Merkelio
2094 3307 2424 3387 posteriori
2493 3308 2657 3388 parti
2717 3307 2867 3373 haee

513 3409 661 3471 sunt
707 3408 1058 3489 subscripta
1100 3427 1284 3491 prope
1330 3407 1617 3472 evanida:

725 3509 1198 3591 „MGCCCXL
1216 3510 1313 3574 VI
1350 3511 1423 3574 de
1468 3530 1673 3575 mense
1729 3511 1907 3575 maii.
1996 3512 2133 3594 1390
2179 3517 2403 3594 petrus
2457 3513 2871 3595 malqarisius

515 3615 808 3679 notarius
843 3616 1198 3695 patavinus
1242 3616 1364 3679 emi
1409 3615 1576 3679 hunc
1621 3615 1855 3679 librum
1901 3637 1943 3678 a
1987 3636 2108 3682 mo.
2155 3616 2621 3680 Francischino
2666 3620 2870 3679 cartu—

517 3717 680 3782 lario
723 3719 971 3783 ducatis
1014 3723 1260 3803 septem,
1306 3723 1441 3782 tum
1472 3719 1741 3783 dimidio
1786 3721 1960 3785 auxi.
2014 3718 2081 3785 G.
2115 3723 2246 3785 241
2277 3721 2610 3784 continet“.
2658 3719 2871 3799 postea

515 3822 932 3900 subscribunt,
979 3825 1085 3905 qui
1131 3842 1273 3886 eum
1324 3822 1611 3904 deinceps
1658 3826 2097 3916 possederunt:

718 3925 877 3988 Iani
925 3924 1268 3989 Parrhasii
1313 3930 1367 3990 et
1413 3927 1763 3991 amicorum
1806 3948 1912 3992 sezc
1955 3927 2170 3991 aureis
2213 3931 2454 4006 emptus
2499 3923 2781 3989 Patavii.

717 4028 991 4093 Antonii
1047 4028 1395 4109 Seripanoli
1458 4029 1564 4111 (of.
1611 4029 1726 4116 Nl)
1775 4049 1851 4094 ex
1894 4030 2053 4093 Iani
2096 4027 2448 4092 Parrhasii
2491 4029 2865 4093 testamento,

718 4133 829 4197 Eae
893 4132 1251 4197 bibliotheca
1316 4131 1595 4196 Ashewii
1659 4153 1721 4199 a.
1783 4135 1951 4198 1785
2017 4131 2181 4196 mihi
2244 4130 2607 4212 comparavi
2667 4127 2865 4192 Laur.

516 4236 883 4303 Santenius.

717 4337 828 4407 Ex
871 4340 1234 4406 bibliotheca
1281 4340 1576 4405 Santenii
1622 4340 1744 4404 emi
1786 4339 1873 4403 H.
1923 4338 1998 4405 F.
2048 4343 2118 4403 de
2162 4339 2324 4404 Dice
2369 4359 2428 4403 a.
2474 4339 2665 4400 1800.

714 4444 1022 4509 Libellum
1098 4445 1172 4507 de
1230 4444 1390 4508 med.
1462 4443 1504 4508 f.
1574 4444 1639 4508 in
1706 4459 1890 4506 usum
1956 4460 2168 4505 meum
2235 4443 2517 4507 accurate
2593 4438 2863 4504 excussit

515 4550 575 4615 .].
627 4546 685 4613 S.
735 4545 1275 4614 Frankfurter.
