3371 5070
1475 384 1892 448 —47-

965 696 1103 774 ΙΙΙ.
1163 692 1943 775 Commentarius
2000 696 2416 776 criticus..

706 1056 800 1121 De
847 1056 1246 1138 inscriptione
1294 1074 1458 1132 cum,
1496 1056 1658 1138 quod
1692 1057 1755 1121 in
1787 1054 2160 1138 praefatione
2206 1054 2352 1133 dixi,
2388 1055 2711 1137 hucusque
2743 1075 2868 1122 non

499 1161 842 1239 constaret,
890 1180 1046 1243 quae
1090 1160 1158 1224 in
1203 1160 1384 1224 libris
1432 1178 1621 1224 manu
1657 1158 1907 1240 scriptis
1953 1159 2280 1241 legeretur,
2329 1157 2447 1222 viri
2496 1159 2660 1223 docti
2709 1161 2868 1225 alius

497 1263 682 1328 aliter
717 1265 1092 1330 statuerunt.
1141 1262 1379 1327 etenim
1411 1280 1548 1326 cum
1575 1266 1813 1327 veteres
1851 1260 2114 1326 editores
2147 1260 2332 1342 vulgo
2355 1259 2436 1323 de
2460 1261 2873 1327 medicamine

495 1365 692 1448 faciei
735 1366 1213 1448 inscripsissent,
1260 1364 1530 1444 Heinsii,
1580 1365 1650 1428 ut
1695 1364 1960 1442 videtur,
2008 1364 2213 1429 aetate
2258 1364 2603 1446 excogitata
2632 1366 2729 1429 est
2773 1365 2870 1430 in-

497 1469 759 1554 scriptio
803 1469 1234 1533 medicamina
1274 1468 1467 1549 faciei
1481 1466 1564 1550 ³⁸)
1596 1517 1614 1546 ,
1661 1487 1849 1551 quam
1905 1487 2004 1532 vv.
2052 1469 2150 1533 dd.
2197 1471 2415 1550 postea
2478 1468 2669 1550 vulgo
2737 1487 2872 1533 am-

497 1572 935 1658 plectebantur
968 1572 1191 1638 leviter
1235 1590 1372 1636 eam
1416 1572 1827 1637 immutantes
1874 1571 2088 1652 (Iahnz
2138 1571 2660 1635 Medicaminum'
2678 1570 2874 1652 faciei

502 1675 961 1760 fraymentnm)
979 1726 996 1758 ‚
1045 1675 1193 1739 dum
1242 1675 1582 1740 Merkelius
1640 1693 1671 1737 6
1732 1673 1934 1739 codice
1992 1672 2476 1752 Guelferbytano
2534 1672 2872 1755 pristinam

500 1778 684 1844 illam
728 1778 802 1842 de
845 1778 1259 1843 medicamine
1301 1777 1493 1858 faciei
1561 1776 1866 1843 restituit.
1943 1777 2207 1861 denique
2253 1777 2561 1842 Lucienus
2607 1777 2873 1843 Mueller

499 1882 579 1946 in‘
612 1881 778 1948 Mus'.
821 1881 1021 1947 Rhen.
1067 1882 1113 1944 t.
1144 1880 1283 1945 XX.
1316 1900 1376 1963 9.
1411 1881 1537 1947 256
1584 1900 1656 1944 ex
1703 1879 1881 1944 Artis
1928 1881 2266 1945 amatoriae
2308 1879 2458 1944 libri
2505 1880 2606 1945 III
2650 1900 2707 1945 v.
2742 1881 2869 1946 205

502 1985 965 2049 inscribendum
1032 2004 1163 2049 esse
1233 1985 1478 2049 censuit
1545 1983 1979 2048 medicamina
2041 1985 2305 2066 formae,
2366 2002 2548 2065 quem
2606 1985 2869 2048 titulum

503 2086 738 2168 libell0,
788 2107 970 2170 quem
1016 2092 1383 2168 tractamuS,
1430 2087 1715 2170 praefixit
1745 2086 2123 2152 novissimus
2154 2086 2287 2152 61116
2322 2087 2522 2150 editor
2552 2087 2629 2152 A.
2662 2087 2866 2153 Riese.

704 2192 890 2257 Nunc
942 2210 1088 2258 vero
1145 2192 1303 2256 mihi
1347 2190 1530 2255 libris
1577 2190 1862 2256 stabilita
1906 2209 2041 2254 esse
2109 2189 2362 2256 videtur
2428 2191 2749 2274 inscriptio
2793 2190 2869 2256 de

496 2292 912 2359 medicamine
965 2295 1192 2377 faciei3
1261 2295 1417 2359 illud
1472 2294 1806 2375 femineae,
1877 2294 1996 2359 etsi
2060 2296 2193 2376 1966
2237 2294 2428 2360 titulo
2483 2314 2604 2360 non
2649 2295 2866 2374 adieci,

499 2398 713 2463 tamen
742 2397 970 2463 codicis
1002 2397 1305 2462 Marciani
1336 2397 1695 2463 auctoritati
1743 2398 1877 2461 dari
1921 2415 2100 2479 posse
2144 2399 2376 2480 putem.
2397 2395 2478 2481 ⁹⁹)
2528 2417 2671 2463 nam
2704 2400 2865 2481 quod

497 2500 617 2565 1166
660 2501 1037 2568 attributum
1092 2523 1129 2569 a
1175 2501 1488 2568 codicibus
1542 2502 1795 2584 reliquis
1840 2502 2044 2581 abest,
2092 2500 2157 2566 id
2204 2501 2467 2567 fortasse
2511 2504 2720 2585 potest
2767 2520 2863 2567 ex·

501 2605 721 2687 plicari
777 2624 866 2684 eo,
913 2607 1075 2688 quod
1131 2607 1218 2684 is,
1296 2625 1482 2689 quem
1525 2606 1703 2670 varia
1746 2604 2177 2688 {medicamina
2242 2604 2634 2669 coniunxisse
2678 2622 2865 2687 supra

496 2710 795 2789 suspicati
821 2711 1036 2798 sumus
1064 2708 1149 2795 (p.
1167 2710 1251 2775 29
1268 2712 1411 2791 sq.),
1437 2727 1577 2774 cum
1603 2708 1804 2790 primo
1835 2708 1969 2772 loco
2000 2708 2337 2790 possuisset
2360 2708 2436 2771 de
2455 2707 2868 2772 medicamine

494 2812 780 2891 auriam,
825 2814 1296 2896 inscriptionem
1348 2812 1606 2878 alterius
1653 2812 1935 2893 opusculi
1994 2811 2093 2875 illi
2162 2811 2525 2893 respondere
2568 2810 2866 2876 voluerit:

500 2913 574 2978 de
618 2915 1030 2981 medicamine
1070 2917 1282 2999 faciei.
1883 2921 1886 2926 ⁴

707 3018 1020 3085 Libellum
1066 3022 1179 3086 1166
1224 3039 1473 3085 carmen
1519 3021 1706 3102 poeta
1738 3019 1873 3100 ipse
1919 3022 2095 3084 vocat
2141 3018 2206 3083 in
2237 3018 2375 3083 Art.
2410 3037 2530 3084 am.
2564 3015 2661 3081 III
2704 3018 2832 3082 206
2848 3040 2870 3083 A:

500 3119 623 3186 Est
665 3121 842 3204 mihi,
889 3142 1010 3203 qao
1055 3123 1198 3187 dimi
1240 3127 1476 3187 vestrae
1519 3122 1944 3185 medicamina
1985 3122 2248 3204 formae,

585 3223 862 3304 Parvae,
908 3226 1015 3290 sed
1058 3246 1218 3290 cura
1260 3226 1524 3308 yrande,
1573 3224 1839 3303 libelluS,
1888 3242 2061 3304 opas

498 3328 678 3394 Hinc
718 3349 959 3411 quoque
994 3328 1411 3410 praesidium,
1447 3328 1671 3406 laesae,
1699 3328 1948 3408 petitote
1976 3326 2230 3407 paellae
2263 3325 2533 3410 (fiyurae
2562 3327 2828 3412 Merkel)
2845 3352 2868 3391 .-

592 3433 743 3498 Non
785 3437 874 3497 est
905 3453 1031 3515 pro
1076 3432 1300 3496 vestris
1345 3450 1456 3494 ars
1499 3451 1635 3495 mea
1679 3431 1863 3495 rebus
1907 3431 2100 3494 iners,

708 3537 800 3600 De
857 3535 1014 3601 faeie
1071 3537 1114 3602 i.
1162 3555 1213 3600 6.
1260 3536 1445 3600 vultu
1503 3554 1567 3599 se
1629 3534 2027 3618 potissimum
2072 3536 2356 3601 acturum
2391 3552 2547 3599 esse
2604 3533 2864 3600 Ovidius

492 3641 632 3723 ipse
679 3639 832 3705 dicit
875 3640 1075 3721 primo
1119 3638 1322 3704 libelli
1370 3657 1577 3703 versu:
1625 3637 1903 3716 Discite,
1984 3657 2146 3720 quae
2208 3637 2437 3718 faciem
2479 3637 2862 3703 commendet

499 3762 658 3808 cara
686 3742 958 3823 puellae.
1003 3742 1340 3825 singularis
1386 3746 1598 3807 autem
1645 3761 1939 3808 numerus
1996 3742 2071 3807 de
2123 3742 2537 3807 medicamine
2577 3760 2688 3824 pro
2732 3742 2865 3807 toto

498 3862 724 3927 genere
790 3848 1124 3927 usurpatus
1190 3863 1312 3909 non
1379 3845 1580 3936 magis
1647 3846 1922 3929 offendit,
1992 3864 2179 3928 quam
2246 3846 2300 3910 si
2366 3844 2505 3926 quis
2559 3846 2639 3909 de
2702 3845 2863 3909 fucis

496 3949 756 4014 acturus
801 3966 966 4014 nunc
1009 3945 1218 4013 nostro
1259 3966 1534 4014 sermone
1567 3948 1869 4015 inscribat
1925 3947 2113 4014 Ueber
2158 3947 2259 4011 die
2304 3946 2653 4013 Schminke.
2700 3949 2864 4031 quod

503 4051 582 4116 ad
635 4049 1158 4134 significationem
1203 4050 1370 4116 vocis
1415 4051 1802 4117 medicamen
1845 4051 1950 4117 hic
1995 4051 2391 4116 statuendam
2422 4049 2670 4127 attinet,
2719 4069 2863 4116 6611-

712 4289 772 4356 2’>
809 4289 1064 4344 Heinsius
1096 4289 1215 4359 ipse
1250 4289 1649 4346 inscribendum
1684 4291 1935 4346 coniecitz
1980 4292 2092 4345 Ars
2125 4290 2485 4347 medicandae
2516 4290 2702 4359 faciei.

709 4377 789 4446 θ’),
813 4374 1056 4433 Tituium
1091 4376 1286 4433 codicis
1324 4374 1587 4432 Marciani
1621 4378 1934 4448 comprobat
1963 4376 2727 4433 Wilamowitz-Moellendorff
2754 4377 2793 4432 1.
2813 4393 2860 4433 c.

511 4477 565 4531 p,
602 4467 721 4519 891.
2403 4475 2410 4482 ·
