3371 5070
1523 413 1948 478 -26-..

754 601 974 683 Neque
1020 619 1161 666 vero
1205 602 1275 665 in
1319 600 1659 680 Tristibus,
1705 603 2011 683 quatenus
2054 600 2357 666 Politiani
2403 603 2686 685 excerpta
2712 602 2780 668 in
2809 621 2920 685 ap-

552 708 777 787 paratu
821 703 1206 770 Merkeliano
1259 705 1742 770 commemorata
1793 723 1936 770 cum
1990 703 2367 770 lectionibus
2419 704 2724 769 Marciani
2769 704 2918 784 223,

553 825 908 890 comparare
974 806 1184 884 licuit,
1253 807 1419 871 ullus
1488 805 1966 888 deprehenditur
2031 824 2383 871 consensus.
2458 805 2516 888 (I
2560 807 2625 885 5,
2689 808 2773 873 62
2817 809 2916 873 M:

550 908 801 975 Detulit
843 909 918 973 in
957 910 1186 992 yeticos
1227 909 1719 990 sarmaticosque
1761 910 1975 988 sinae,
2042 910 2288 991 primus
2331 908 2670 976 Politiani:
2737 909 2806 975 D
2868 912 2914 978 i.

547 1014 776 1096 yeticos
846 1012 1153 1077 sarmatis
1205 1031 1320 1076 ora
1383 1012 1568 1075 sinus
1587 1011 1703 1096 (?);
1764 1011 1796 1075 I
1861 1012 1924 1092 5,
1983 1012 2068 1078 53
2126 1013 2223 1075 M:
2293 1011 2629 1093 infrayilis
2649 1061 2665 1091 ‚
2733 1013 2916 1095 prim.

551 1116 772 1182 Polit.:
815 1115 1155 1199 infra9i1i3
1198 1117 1230 1180 I
1260 1116 1320 1191 8,
1354 1116 1434 1179 41
1463 1116 1565 1180 M:
1611 1115 1853 1179 circum
1876 1114 2253 1195 praecordia
2283 1133 2457 1192 nene,
2481 1114 2668 1179 Polit.
2699 1116 2917 1200 prim.:

550 1219 789 1283 circum
821 1217 1204 1298 praecordia
1246 1218 1411 1284 nati.
1457 1217 1532 1282 de
1577 1218 1952 1283 lectionibus
1996 1219 2074 1282 ad
2119 1218 2363 1283 Nucem
2405 1218 2739 1300 adscriptis
2770 1221 2920 1287 data

550 1322 866 1387 occasione
912 1322 1114 1386 fusius
1160 1321 1541 1404 disputabo).

751 1421 871 1488 Sed
901 1443 979 1489 ne
1009 1425 1231 1507 longus
1263 1423 1405 1506 sim,
1438 1422 1815 1505 quicumque
1840 1442 2064 1490 novam
2091 1442 2304 1488 eorum
2328 1421 2539 1489 Ovidii
2568 1426 2911 1490 carminum

550 1526 898 1594 editionem
927 1546 1148 1593 curare
1170 1527 1458 1608 voluerit,
1493 1545 1649 1608 quae
1681 1529 2029 1594 Politianus
2062 1547 2204 1593 cum
2228 1528 2437 1594 codice
2459 1529 2569 1593 illo
2591 1528 2907 1593 Marciano

548 1648 716 1697 nunc
760 1632 1078 1714 deperdito
1125 1631 1416 1710 contulit,
1450 1631 1519 1695 in
1548 1633 1768 1713 primis
1815 1632 2009 1698 libros
2041 1632 2365 1715 Tristium‚
2411 1631 2774 1714 priusquam
2804 1628 2903 1695 hic

549 1735 682 1817 ipse
729 1736 849 1799 erit
892 1735 1204 1812 inventae,
1253 1738 1398 1799 ante
1443 1735 1655 1799 omnia
1685 1736 2035 1820 apographo
2080 1737 2189 1801 illo
2219 1736 2571 1801 Monacensi
2613 1755 2648 1800 a
2680 1735 2905 1800 Puccio

549 1838 716 1904 facto
760 1838 856 1902 uti
917 1838 1190 1902 debebit.
1284 1857 1480 1920 neque
1525 1843 1741 1903 tamen
1785 1841 1984 1904 omnis
2028 1858 2166 1922 spes
2212 1840 2309 1903 est
2352 1839 2680 1904 abicienda
2722 1839 2906 1903 illum

545 1943 750 2024 ipsum
795 1942 1124 2022 aliquando
1169 1959 1348 2022 posse
1391 1942 1691 2021 inveniri,
1763 1959 2138 2024 quamquam
2205 1960 2349 2005 eum
2417 1942 2546 2005 iam
2592 1941 2904 2006 Politiano

549 2062 604 2109 a.
644 2044 811 2108 1494
862 2049 1106 2109 mortuo
1161 2063 1198 2109 a
1249 2046 1511 2126 quodam
1566 2046 1883 2111 sublatum
1931 2063 2065 2108 esse
2106 2043 2406 2125 suspicari
2451 2042 2597 2106 licet
2664 2062 2696 2106 e
2741 2046 2910 2121 nota,

549 2165 708 2230 quae
752 2150 913 2212 teste
960 2147 1262 2211 Bandinio
1307 2148 1373 2212 in
1421 2148 1688 2214 editione
1731 2148 1846 2212 illa
1887 2147 2215 2213 Parmensi
2260 2165 2317 2211 a.
2359 2145 2518 2209 1477
2567 2146 2910 2211 Metamor-

545 2250 816 2335 phoseon
857 2250 1033 2314 libris
1080 2254 1214 2314 erat
1257 2252 1555 2332 praefixa:
1610 2251 1836 2325 „Ixiber
1882 2249 2231 2315 Conventus
2276 2248 2345 2313 S.
2380 2248 2603 2311 Marci
2646 2249 2720 2312 de
2751 2248 2911 2314 Flo-

541 2355 754 2418 rentia
790 2352 938 2417 Ord.
965 2351 1201 2416 Praed.
1223 2353 1473 2418 habitus
1516 2376 1557 2417 a
1602 2354 1905 2441 Syndicis
1948 2354 2049 2418 die
2093 2358 2197 2417 19.
2226 2352 2548 2417 Januarii
2592 2355 2765 2416 1497
2783 2371 2911 2432 pro

555 2456 1053 2538 compensatione
1078 2456 1400 2537 librorum,
1432 2458 1545 2539 qui
1574 2458 1948 2523 commodati
1978 2458 2057 2521 ab
2088 2457 2297 2521 eodem
2325 2460 2625 2520 conventu
2650 2456 2912 2538 fuerant

544 2559 632 2626 D.
676 2560 922 2642 Anyelo
971 2558 1323 2637 Pontiano,
1382 2566 1439 2626 et
1494 2562 1566 2624 in
1609 2562 1745 2625 eins
1787 2566 1979 2625 morte
2024 2561 2250 2624 amissi
2291 2563 2458 2625 sunt.
2540 2560 2625 2622 In
2680 2558 2913 2625 bancho

546 2667 653 2730 27.
699 2662 1096 2730 occidentis.“

748 2767 957 2848 Atque
1002 2767 1158 2832 haec
1203 2767 1453 2849 quidem
1500 2769 1576 2831 de
1624 2768 1928 2849 excerptis
1971 2766 2290 2831 Politiani.

744 2868 920 2949 Quod
966 2872 1042 2935 ad
1075 2869 1341 2933 codicem
1379 2869 1770 2933 Patavinnm
1801 2868 1869 2933 S.
1900 2868 2176 2933 Antonii
2207 2871 2283 2934 ab
2313 2869 2570 2933 Heinsio
2617 2868 2697 2933 ad
2725 2886 2787 2932 v.
2821 2868 2905 2932 70

546 2975 611 3037 et
677 2972 832 3038 alias
877 2974 1428 3038 commemoratum
1473 2972 1737 3054 attinet,
1811 2972 1914 3037 hic
1979 2990 2178 3053 neque
2246 2973 2310 3037 in
2355 2972 2671 3036 Minciotti
2716 2971 2901 3036 huius

546 3075 961 3141 bibliothecae
1006 3075 1286 3159 catalogo
1302 3073 1383 3154 ⁹¹)
1428 3075 1740 3141 indicatur
1755 3124 1770 3152 ‚
1840 3078 1906 3139 et
1962 3074 2195 3140 frustra
2251 3093 2394 3139 eum
2449 3075 2582 3155 ipse
2625 3073 2903 3156 quaesivi

546 3177 610 3242 in
657 3177 955 3263 catalogis
1001 3178 1277 3243 eiusdem
1323 3178 1475 3243 bibl.
1523 3195 1716 3243 manu
1773 3177 2049 3260 scriptis,
2095 3196 2246 3259 quos
2292 3177 2700 3261 perlegendos
2742 3176 2898 3242 mihi

546 3282 822 3347 officiose
891 3281 1308 3347 commodavit
1381 3301 1510 3348 rev.
1579 3281 2113 3350 bibliothecarius,
2205 3282 2330 3348 fuit
2403 3282 2505 3347 hic
2570 3283 2760 3348 codex
2830 3315 2903 3327 -

545 3386 928 3470 recentiori&
1003 3389 1076 3451 ut
1119 3386 1388 3465 videtur,
1451 3387 1677 3452 aetatis
1722 3425 1806 3436 —
1853 3389 1985 3454 sine
2030 3387 2216 3453 dubio
2261 3387 2331 3451 in
2373 3403 2630 3451 numero
2677 3402 2908 3468 eorum,

544 3507 697 3572 quos
743 3507 815 3554 ex
857 3490 975 3555 hac
1020 3489 1395 3555 bibliotheca
1441 3489 1719 3573 direptos
1763 3492 1830 3554 in
1877 3491 2031 3555 alias
2077 3508 2217 3554 cum
2253 3488 2558 3570 *publicas
2604 3491 2744 3553 tum
2771 3487 2899 3571 pri-

542 3594 725 3657 vatas
774 3590 1180 3656 bibliothecas
1226 3592 1529 3674 migrasse
1587 3593 1738 3656 dicit
1784 3592 2012 3657 Blume
2066 3592 2133 3655 in
2178 3591 2409 3655 [tinere
2459 3589 2680 3655 Italico
2725 3590 2789 3654 et
2834 3591 2898 3654 in

436 3725 440 3729 ·
548 3695 863 3760 Indicibus
907 3693 1421 3760 bibliothecarum
1469 3696 1708 3760 Italiae.

748 3796 1036 3862 Ceterum
1081 3795 1197 3862 hoc
1244 3798 1540 3863 damnum
1598 3816 1722 3863 non
1765 3797 1858 3862 ita
1903 3816 2202 3881 magnum
2247 3800 2363 3874 est,
2412 3796 2560 3878 quia
2602 3797 2904 3862 lectiones

544 3900 621 3966 ab
670 3900 929 3964 Heinsio
976 3917 1266 3965 excussae
1307 3900 1544 3965 librum
1587 3900 1858 3983 produnt
1904 3901 2126 3965 misere
2169 3899 2585 3982 inquinatum.

748 4002 1029 4083 Denique
1071 4002 1189 4068 hoc
1231 4002 1365 4068 loco
1421 4002 1678 4068 iniciam
1744 4003 1977 4069 falsum
2048 4022 2205 4081 esse,
2276 4004 2441 4084 quod
2505 4002 2574 4065 in
2618 4001 2904 4066 Haenelii

546 4107 847 4189 catalogis
928 4104 1202 4169 codicum
1275 4105 1390 4170 sub
1459 4105 1874 4172 bibliothecae
1947 4106 2390 4171 Einsiedlensis
2457 4122 2714 4169 numero
2778 4103 2907 4169 200

540 4209 804 4293 legitur:
859 4258 890 4294 „
906 4207 1119 4273 Ovidii
1161 4229 1350 4290 opera
1394 4229 1551 4275 saec.
1591 4209 1721 4276 XI.
1766 4210 2062 4276 membr.“
2130 4211 2245 4275 hoc
2290 4209 2458 4274 enim
2504 4225 2761 4272 numero
2805 4208 2905 4271 in-

753 4460 815 4524 ²¹)
841 4457 1011 4512 Catal.
1035 4456 1119 4513 dei
1143 4456 1293 4518 codd.
1317 4458 1446 4514 Mes.
1471 4460 1616 4513 nella
1638 4459 1774 4516 bibl.
1799 4460 1856 4515 di
1899 4461 1951 4514 S.
1971 4461 2209 4515 Antonio
2243 4459 2299 4514 di
2334 4459 2566 4515 Padova.
2596 4455 2728 4512 Pad.
2753 4460 2900 4511 1842.
