3371 5070
1445 458 1858 523 ..81-

471 653 880 719 difficultates
926 655 1133 716 essent
1178 646 1716 725 demonstrandae,
1762 646 1836 711 ut
1881 645 2234 729 legitimum
2264 644 2632 730 opusculum
2660 645 2828 730 peri-

471 743 612 830 isse,
660 753 1066 842 subditiciurn
1112 755 1355 818 exstare
1403 767 1723 835 possemus
1781 748 2086 831 suspicari
2129 787 2213 797 -
2255 753 2328 814 ut
2385 748 2511 814 fere
2556 749 2631 814 de
2697 750 2829 832 epi-

467 859 634 923 stula
693 856 977 940 Sapphus
1034 856 1101 920 in
1157 855 1374 920 Amor.
1421 854 1484 918 H
1532 853 1629 918 18.
1675 852 1760 919 26
1819 872 1855 917 a
1908 855 2089 936 poeta
2152 852 2285 934 ipso
2352 857 2833 921 commemorata

467 962 586 1026 viri
629 960 794 1027 docti
838 963 991 1042 iure,
1037 962 1110 1024 ut
1153 958 1441 1042 equidem
1485 956 1860 1039 putaverim,
1906 955 2213 1022 statuunt.

673 1063 850 1145 Quod
898 1062 975 1127 ad
1006 1064 1179 1144 prius
1218 1060 1377 1127 illud
1410 1059 1661 1137 attinet,
1688 1059 1826 1124 dico
1858 1060 2189 1125 materiam
2232 1060 2309 1124 ab
2340 1057 2562 1125 Ovidio
2591 1060 2824 1125 tracta-

466 1170 630 1246 tam,
698 1165 984 1249 equidem
1058 1166 1323 1230 libenter
1389 1163 1685 1229 confiteor
1759 1181 1860 1227 me
1931 1162 2134 1244 ipsum
2207 1181 2274 1227 re
2346 1163 2619 1227 nondum
2690 1182 2831 1247 per-

465 1276 678 1354 specta
743 1271 861 1335 hoc
925 1268 1332 1353 potissimum
1393 1267 1681 1351 scrupulo
1740 1267 2077 1341 laborasse,
2136 1268 2299 1349 quod
2356 1285 2394 1332 a
2450 1269 2639 1350 poeta
2696 1273 2831 1333 tam

471 1392 617 1439 vero
664 1377 917 1457 tamque
982 1372 1174 1436 divite
1232 1391 1389 1437 vena
1443 1369 1744 1455 praedito,
1814 1369 2066 1453 qualem
2127 1368 2420 1434 Ovidium
2478 1389 2607 1435 esse
2667 1369 2829 1436 inter

472 1498 684 1545 omnes
757 1477 1033 1555 constat,
1103 1475 1407 1552 alienum,
1482 1493 1556 1539 ne
1624 1475 1830 1540 dicam
1898 1492 1968 1538 eo
2034 1473 2363 1557 indignum
2422 1477 2587 1540 esset
2649 1495 2830 1558 prae-

467 1585 649 1667 cepta
694 1581 934 1647 medica
979 1582 1363 1646 conscribere
1410 1583 1494 1659 et,
1543 1598 1699 1663 quae
1742 1596 1840 1643 res
1885 1581 1950 1643 et
1995 1582 2300 1659 quantum
2330 1579 2628 1660 cuiusque
2661 1583 2825 1644 esset

467 1686 835 1753 sumendum
853 1735 871 1768 ,
931 1688 1065 1749 tam
1127 1684 1409 1749 accurate
1473 1685 1726 1764 tamque
1792 1681 1973 1757 scite,
2044 1685 2115 1745 ut
2182 1681 2445 1760 videtur,
2508 1699 2828 1766 exponere,

466 1793 539 1855 ut
582 1788 839 1853 iamiam
884 1787 1412 1852 medicamentarii
1459 1787 1743 1851 officinae
1789 1803 1864 1849 ea
1907 1785 2152 1873 tradere
2180 1787 2379 1867 possis
2407 1786 2826 1869 exsequenda:

466 1892 590 1959 tale
625 1892 787 1957 enim
823 1891 1084 1956 alterum
1111 1890 1453 1974 fragmenti
1483 1891 1659 1954 nobis
1692 1888 1918 1955 servati
1964 1888 2294 1953 dimidium
2340 1908 2474 1955 esse
2519 1890 2823 1956 videmus.

638 1994 755 2060 Sed
780 1998 849 2059 ut
880 1995 1007 2058 iam
1032 1995 1192 2057 hanc
1215 1994 1652 2058 difficultatem
1683 1992 2028 2075 expediam,
2047 1990 2305 2057 Ovidius
2327 1992 2604 2075 profecto
2636 1994 2828 2061 etiam

466 2101 529 2164 in
555 2099 655 2162 his
700 2097 881 2162 rebus
928 2097 1159 2178 optime
1189 2099 1505 2161 versatum
1537 2114 1601 2159 se
1624 2096 1882 2177 praebet
1917 2097 2103 2178 atque
2135 2094 2203 2159 in
2249 2096 2622 2163 carminibus
2653 2116 2827 2163 61116-

471 2203 646 2266 toriis
692 2201 862 2266 haud
908 2217 1102 2282 pauca
1144 2200 1352 2282 prodit
1400 2199 1581 2263 huius
1628 2198 1869 2282 generis
1914 2217 2155 2263 arcana.
2230 2200 2377 2282 quid
2423 2200 2593 2265 6111111
2640 2205 2829 2283 creta,

455 2325 668 2387 parva
699 2305 902 2388 aluta,
949 2305 1153 2368 tenuis
1194 2302 1443 2384 favilla,
1491 2321 1706 2366 crocus
1748 2303 2004 2384 prosint,
2052 2302 2161 2367 ille
2199 2304 2352 2368 scite
2377 2304 2556 2370 docet
2586 2306 2648 2369 in
2686 2305 2825 2370 Art.

466 2427 586 2474 am.
615 2408 717 2472 III
752 2409 874 2473 199
906 2426 1035 2489 sqq.
1061 2410 1132 2471 ut
1161 2411 1312 2482 faex
1340 2407 1520 2471 vultu
1548 2405 1744 2487 illita,
1776 2410 1847 2470 ut
1894 2425 2127 2488 oesupa
2168 2406 2437 2472 Athenis
2480 2408 2711 2494 missa,
2759 2415 2830 2473 ut

467 2531 676 2576 cervae
720 2511 1030 2578 medullae
1073 2512 1409 2596 diligenter
1457 2511 1864 2586 occultentur,
1898 2509 2118 2577 deinde
2147 2511 2481 2596 praecipit3
2530 2531 2829 2595 oesupum

469 2616 659 2681 etiam
705 2616 772 2680 in
817 2617 995 2681 Rem.
1042 2633 1164 2679 am.
1227 2616 1354 2681 354
1402 2619 1935 2693 commemoratur,
2006 2617 2068 2680 et
2133 2616 2376 2698 possint
2438 2615 2564 2680 alia
2635 2618 2828 2681 etiam

468 2720 652 2784 huius
699 2718 942 2801 generis
988 2718 1194 2783 afferri
1240 2720 1539 2802 exempla.
1588 2719 1698 2783 sed
1731 2719 1879 2802 quid
1923 2720 2158 2784 multa:
2207 2720 2261 2783 si
2308 2719 2558 2784 laesis
2603 2720 2831 2802 puellis

467 2824 845 2909 praesidium
902 2827 994 2888 est
1053 2823 1422 2904 petendum,
1492 2824 1702 2888 omnia
1756 2828 2043 2889 accurate
2092 2823 2524 2889 describantur
2581 2841 2830 2888 necesse

469 2932 583 2993 est.
634 2927 790 2992 adde
836 2924 1032 3009 quod,
1093 2926 1147 2989 si
1205 2928 1565 3009 respicimus
1634 2925 1928 2992 Ovidium
1987 2926 2050 2991 in
2118 2923 2636 2991 medicaminibus
2681 2942 2828 2990 con-

467 3030 805 3096 scribendis
865 3047 1006 3093 611111
1066 3028 1190 3092 6116
1255 3032 1394 3093 tum
1462 3033 1728 3094 maxime
1792 3029 1997 3094 varias
2067 3029 2290 3093 herbas
2358 3028 2522 3093 sumi
2600 3029 2826 3110 iubere,

470 3152 734 3215 quarum
780 3131 943 3194 vires
990 3130 1182 3195 etiam
1243 3130 1309 3195 in
1353 3131 1609 3213 reliquis
1668 3129 2046 3197 carminibus
2107 3134 2362 3216 tangere
2424 3134 2486 3196 et
2532 3149 2832 3213 exponere

469 3238 723 3301 adamat
755 3235 864 3317 (cf.
895 3237 1033 3300 Art.
1065 3253 1185 3298 am.
1211 3233 1273 3297 H
1317 3236 1447 3300 415
1478 3254 1634 3320 sqq.,
1661 3236 1837 3300 Rem.
1869 3254 1990 3301 am.
2018 3236 2139 3300 797
2166 3255 2322 3319 sqq.,
2347 3235 2480 3318 aL),
2527 3235 2824 3319 suspicari

469 3357 795 3421 possumus
844 3336 1104 3403 alicuius
1150 3338 1452 3403 momenti
1509 3339 1702 3402 fuisse
1746 3338 1824 3402 ad
1882 3343 2318 3421 argumentum
2361 3338 2477 3403 1166
2519 3340 2823 3409 remotius

368 3463 371 3464 ⁷
469 3441 951 3525 aggrediendum
1002 3442 1512 3506 consuetudinem
1556 3442 1753 3506 Macri
1805 3441 2040 3522 poetae,
2102 3440 2176 3505 de
2220 3460 2338 3524 quo
2370 3441 2501 3524 ipse
2555 3442 2711 3508 dicit
2760 3444 2827 3508 in

470 3546 572 3610 Tr.
605 3545 696 3609 IV
732 3545 830 3609 10.
861 3544 976 3608 43:
2393 3616 2403 3637 ι

673 3646 870 3728 Saepe
913 3665 1065 3710 suas
1106 3647 1384 3713 volucres
1431 3646 1574 3730 leyit
1618 3646 1780 3711 mihi
1818 3646 2134 3731 yrandior
2178 3668 2341 3732 aev0,

763 3750 1051 3831 Quaeque
1096 3754 1268 3815 nocet
1311 3770 1584 3835 serpenS,
1631 3771 1828 3832 quae
1871 3751 2092 3815 iuvet
2133 3750 2404 3831 herba,
2455 3748 2712 3833 Macer3

471 3872 588 3938 quo
647 3854 799 3918 duce
861 3854 1045 3918 Asiae
1112 3857 1176 3918 et
1231 3852 1486 3919 Siciliae
1543 3857 1724 3920 urbes
1791 3854 2013 3920 adiisse
2069 3855 2313 3919 videtur
2360 3851 2460 3936 (cf.
2509 3851 2599 3915 Ex
2642 3853 2714 3916 P.
2762 3854 2825 3918 Π

473 3959 570 4023 10.
619 3957 699 4020 21
748 3960 928 4038 sqq.).
1003 3959 1280 4020 ceterum
1348 3955 1495 4040 quid
1563 3974 1689 4021 non
1754 3957 2010 4041 aggredi
2065 3957 2321 4040 paratus
2389 3953 2507 4018 erit
2562 3954 2828 4033 iuveniS,

468 4060 716 4145 qualem
779 4057 1073 4124 Ovidium
1133 4059 1321 4124 fuisse
1382 4060 1684 4140 videmuS,
1747 4061 1977 4144 puellis
2036 4060 2552 4143 gratificaturus?

671 4180 746 4244 In
793 4184 1044 4246 externo
1091 4182 1338 4261 autem,
1411 4187 1482 4246 ut
1526 4183 1616 4246 ita
1662 4181 1898 4260 dicam,
1944 4180 2142 4246 libelli
2198 4179 2481 4261 quamvis
2551 4179 2827 4246 truncati

469 4284 686 4349 habitu
730 4283 935 4347 multa
979 4284 1135 4347 mihi
1181 4287 1422 4350 exstare
1468 4284 1758 4350 videntur
1819 4282 2091 4360 indicia,
2158 4302 2313 4366 quae
2372 4286 2572 4348 artem
2599 4286 2681 4348 et
2726 4283 2828 4348 in-

471 4390 719 4468 genium
764 4385 972 4453 Ovidii
1014 4387 1311 4469 prodant,
1378 4388 1432 4452 si
1489 4388 1760 4471 insignia
1806 4387 2110 4469 quaedam
2165 4391 2351 4470 atque
2396 4386 2700 4452 notabilia
2757 4386 2826 4449 in

471 4489 804 4556 verborum
848 4490 1086 4556 dilectu
1131 4490 1569 4556 condonaveris
1615 4492 1886 4556 sermoni
1931 4490 2188 4574 poetico.
2252 4508 2347 4554 res
2395 4490 2561 4555 enim
2609 4490 2835 4555 metris

2590 4597 2622 4646 6
