3371 5070
1429 427 1857 492 ...33-

469 616 657 682 Trist.
689 615 783 680 IV
814 619 872 681 3.
906 618 1019 683 37:
1078 664 1737 684 ................
1752 617 1838 677 est
1882 614 2194 695 quaedam
2244 613 2394 693 flere
2449 614 2736 695 voluptas

819 720 933 785 32:
983 719 1351 803 Viryiuibus
1393 717 1564 783 cordi
1632 720 1941 801 qrataque
1985 715 2196 797 forma
2240 721 2417 781 suast

466 822 544 888 A.
594 840 647 887 a.
695 823 728 886 Ι
783 823 940 888 6243
989 821 1358 904 Viryiuibus
1402 840 1589 886 curae
1629 825 1939 904 yrataque
1979 819 2193 901 forma
2235 823 2414 883 suast

819 926 936 991 33:
985 925 1324 989 Laudatas
1352 923 1595 988 homiui
1623 922 1894 987 volueris
1923 922 2209 987 Iunonia
2236 941 2484 1002 permas

978 1026 1288 1108 Eaeplicat

467 1130 614 1195 Am.
640 1132 703 1196 H
737 1131 795 1195 6.
821 1133 936 1197 55:
984 1129 1292 1212 Explicat
1334 1130 1482 1211 ipsa
1525 1148 1678 1193 suas
1724 1130 1854 1194 ales
1899 1129 2184 1193 Iunonia
2217 1148 2471 1210 pennas

464 1235 543 1301 A.
594 1253 647 1298 a.
695 1234 728 1297 Ι
783 1235 940 1300 6273
990 1233 1326 1297 Laudatas
1370 1232 1638 1296 ostendit
1712 1233 1852 1296 avis
1897 1232 2186 1297 quouia
2219 1250 2474 1312 pennas

819 1336 938 1401 34:
999 1386 1182 1402 .....
1198 1338 1410 1418 forma
1452 1340 1632 1399 muta
1675 1335 1953 1415 superbit
1998 1335 2134 1398 avis

467 1439 544 1504 A.
572 1457 624 1503 a.
648 1440 750 1504 III
787 1440 934 1503 103:
997 1488 1183 1505 .....
1196 1438 1408 1518 forma
1443 1442 1635 1519 quota
1679 1458 1955 1519 quaeque
1998 1437 2275 1516 superbit

814 1541 925 1605 38:
973 1541 1105 1606 Nec
1149 1545 1438 1621 temptate
1483 1560 1704 1605 uoceus
1749 1540 1927 1604 virus
1971 1541 2257 1604 amantis
2299 1558 2489 1620 equae

464 1645 610 1710 Am.
658 1645 691 1708 I
745 1644 804 1709 8.
862 1644 930 1709 8:
979 1643 1185 1721 Licia‚
1230 1644 1388 1724 quid
1432 1645 1637 1709 valeat
1754 1645 1931 1707 virus
1975 1643 2259 1706 amantis
2301 1662 2491 1724 equae

813 1747 928 1811 41:
975 1746 1069 1810 Et
1112 1748 1400 1828 quamvis
1443 1747 1683 1829 aliquis
1731 1747 2061 1811 Temesaea
2104 1746 2422 1810 removerit
2594 1765 2747 1810 aera

465 1850 634 1915 Fast.
681 1849 732 1913 V
767 1849 927 1914 441:
988 1900 1691 1917 .................
1734 1850 2180 1931 Temesacaque
2224 1854 2552 1929 concrepat
2596 1869 2750 1913 aera

814 1954 933 2018 46:
998 2003 1700 2022 .................
1738 1954 1947 2018 vultus
2021 1958 2249 2017 aratus
2310 1955 2429 2018 erit

462 2057 607 2123 Am.
633 2057 668 2121 I
695 2057 794 2120 15.
826 2058 934 2120 16:
993 2106 1699 2124 .................
1736 2077 1974 2138 semper
2017 2057 2268 2121 Aratus
2310 2057 2429 2120 erit

815 2161 931 2225 50:
979 2159 1225 2240 Perque
1270 2180 1411 2224 suos
1453 2179 1687 2226 aquS.
1716 2211 1730 2225 .
1758 2210 1773 2226 .

462 2261 605 2326 Am.
631 2263 698 2327 II
732 2264 789 2326 2.
817 2264 933 2328 46:
978 2263 1147 2327 Ante
1276 2282 1421 2327 suos
1466 2282 1668 2327 aurcos

811 2365 928 2429 58:
978 2363 1183 2427 Lenta
1227 2364 1367 2429 iube
1411 2365 1636 2429 scabra
1676 2366 1948 2446 frauyat
1992 2365 2192 2430 asella
2237 2366 2408 2429 mola

461 2467 610 2533 A.a.
639 2468 740 2532 III
770 2468 927 2534 290:
989 2467 1067 2533 Ut
1111 2469 1290 2532 rudit
1334 2489 1377 2532 a
1419 2468 1640 2533 scabra
1687 2470 1896 2551 turpis
1992 2458 2193 2534 asella
2237 2469 2407 2533 mola

531 2571 601 2635 F.
640 2572 724 2636 VI
771 2572 927 2637 318:
974 2571 1065 2635 Et
1110 2592 1268 2653 quae
1300 2572 1635 2653 pumiceas
1677 2577 1882 2636 versat
1925 2572 2126 2638 asella
2170 2572 2369 2636 molas

530 2675 598 2739 F.
637 2674 724 2740 VI
769 2675 926 2740 312:
972 2674 1064 2737 Et
1108 2671 1316 2738 velarit
1359 2676 1617 2740 scabras
1642 2674 1884 2753 florida
1925 2681 2092 2740 serta
2178 2675 2382 2739 molas

809 2778 924 2843 59:
970 2778 1060 2841 Et
1105 2799 1265 2858 quae
1296 2780 1525 2859 prima
1570 2780 1795 2844 cadent
1837 2778 2041 2843 vivaci
2114 2797 2356 2842 cernua
2400 2795 2568 2841 cervo

459 2880 613 2945 Met.
639 2881 741 2944 III
778 2881 930 2946 194:
977 2877 1114 2945 Dat
1159 2901 1381 2962 sparso
1428 2884 1624 2964 capiti
1826 2883 2062 2947 vivacis
2106 2901 2346 2946 cornua
2390 2881 2553 2944 cervi

811 2985 921 3048 74:
969 2981 1152 3049 Desit
1196 2990 1252 3049 et
1298 2986 1595 3067 Illyrica,
1701 3007 1861 3067 quae
1904 2987 2074 3050 veuit
2118 2986 2239 3049 iri-s
2282 2985 2468 3048 humo

454 3084 529 3149 A.
565 3105 619 3152 a.
671 3087 733 3151 Π
774 3086 932 3150 422:
979 3086 1232 3150 Bulbus
1278 3091 1332 3150 et
1377 3109 1452 3151 ex
1497 3093 1667 3153 horto
1712 3109 1872 3170 quae
1914 3089 2081 3151 veuit
2127 3087 2317 3151 herba
2360 3085 2552 3150 salax
2620 3158 2625 3162 ,

811 3191 924 3255 843
975 3190 1108 3255 Nec
1151 3196 1362 3255 tamen
1410 3193 1688 3257 accensis
1732 3192 1950 3256 omuia
1993 3193 2215 3256 darida
2258 3190 2416 3272 focis

617 3294 683 3356 F.
733 3293 765 3357 I
812 3293 926 3359 763
974 3293 1065 3356 Et
1108 3298 1275 3357 souet
1406 3296 1685 3359 accensis
1727 3296 1908 3376 spica
1956 3293 2190 3359 Cilissa
2255 3295 2415 3376 focis

807 3396 920 3460 87:
968 3394 1167 3460 Parte
1211 3398 1427 3461 miuus
1472 3403 1736 3479 quarta.
1765 3448 1780 3464 .

542 3500 611 3565 F.
658 3498 716 3562 V
767 3498 929 3563 379:
977 3499 1170 3563 Nocte
1213 3500 1427 3564 miuus
1470 3506 1735 3582 quarta.
1763 3551 1819 3567 ..

806 3603 923 3668 89:
970 3602 1146 3667 Haec
1189 3604 1299 3667 ubi
1345 3605 1669 3669 contrieris
1695 3654 1709 3683 ‚
1816 3625 1937 3686 per
1960 3606 2156 3669 deusa
2178 3605 2505 3686 foramina
2529 3623 2704 3668 cerne

457 3700 757 3789 [Met-‚XII
769 3705 895 3772 438
918 3707 1019 3788 (Β)
1042 3730 1057 3771 3
1094 3707 1335 3771 Mauat
1357 3712 1410 3771 et
1434 3709 1818 3788 eoeprimitur
1835 3729 1950 3789 per
1971 3709 2170 3773 deusa
2188 3709 2519 3791 foramina
2544 3703 2809 3791 spissus}

807 3807 921 3872 98:
968 3807 1266 3872 Haerebit
1515 3814 1635 3874 toto
1679 3810 1902 3874 nullus
1945 3812 2020 3874 iu
2063 3831 2164 3874 ore
2208 3810 2370 3873 color

455 3905 928 3974 Am.1111.28:
980 3911 1187 3992 Quam
1230 3912 1342 3975 tibi
1386 3913 1467 3976 sit
1512 3915 1635 3976 toto
1681 3913 1903 3977 nullus
1947 3914 2020 3977 iu
2063 3931 2165 3977 ore
2208 3912 2370 3975 color

453 4009 529 4076 A.
563 4030 617 4078 a.
662 4012 761 4077 III
808 4013 924 4078 74:
969 4013 1061 4077 Et
1096 4015 1282 4096 perit,
1332 4016 1405 4079 iu
1450 4016 1654 4080 nitido
1702 4017 1814 4097 qui
1857 4017 1988 4099 fuit
2054 4036 2171 4094 ore,
2205 4014 2370 4079 color

522 4141 553 4178 n
694 4143 724 4180 n
762 4116 917 4182 730:
965 4116 1055 4180 Et
1100 4138 1272 4182 meus
1316 4123 1372 4182 et
1415 4119 1603 4183 rediit
1649 4139 1831 4183 verus
1874 4120 1947 4182 iu
2039 4137 2154 4182 ora
2195 4120 2362 4183 color

658 4234 777 4298 His
822 4255 1022 4319 pauca
1066 4239 1368 4319 quaedam
1438 4239 1680 4305 adicere
1739 4240 1919 4304 liceat
1984 4240 2247 4318 leviora,
2294 4258 2492 4322 quae,
2539 4255 2679 4300 cum
2737 4235 2810 4299 in

458 4336 709 4420 reliquis
769 4339 1148 4404 carminibus
1195 4340 1514 4407 Ovidianis
1564 4342 1982 4407 usitatissima
2040 4362 2172 4408 esse
2227 4345 2568 4422 videamuS,
2615 4339 2804 4404 etiam

455 4434 519 4501 in
550 4439 666 4505 hoc
699 4440 910 4505 libello
940 4441 1254 4524 leguntur.

2530 4551 2595 4601 6*
