3371 5070
1416 385 1836 451 -23-

651 576 775 642 His:
824 576 1157 657 tamquam
1209 573 1709 640 additamentum
1775 591 1971 655 pauca
2036 575 2338 657 quaedam
2404 573 2802 657 subiungam,

449 697 603 763 quae
648 677 769 744 etsi
813 677 1074 742 minoris
1117 675 1420 741 momenti
1461 678 1608 741 sunt
1652 677 1748 744 ad.
1778 677 2143 758 opusculum
2173 678 2251 745 de
2294 678 2458 745 med.
2489 677 2558 752 f..
2588 680 2798 744 tamen

448 802 593 850 cum
660 782 741 848 ad
782 779 1166 862 reliquorum
1231 779 1576 844 carminum
1620 775 2066 844 Ovidianorum
2123 780 2338 846 crisim
2394 781 2801 848 factitandum

445 883 686 969 aliquid
726 882 969 967 possint
1015 879 1327 957 conferre,
1374 882 1913 947 commemoranda
1956 900 2089 948 esse
2133 882 2442 948 videntur.

654 1015 749 1080 Ac
790 1013 1063 1097 primum
1107 1013 1359 1096 quidem
1403 1012 1603 1076 dicam
1634 1010 1709 1075 de
1735 1010 2034 1076 Politiani
2077 1029 2236 1095 quae
2279 1011 2464 1095 vulgo
2510 1013 2803 1078 dicuntur

448 1117 768 1201 excerptis,
814 1117 888 1181 de
933 1115 1153 1200 quibus
1215 1133 1370 1198 qnae
1429 1112 1747 1196 hucusque
1808 1117 2184 1180 enotuerunt
2227 1133 2451 1181 manca
2499 1117 2647 1181 sunt
2688 1135 2803 1181 nec

447 1221 601 1286 satis
663 1219 961 1284 accurata.

649 1341 949 1422 Excerpta
993 1339 1188 1424 igitur
1231 1337 1528 1404 Politiani
1571 1338 1762 1420 vulgo
1806 1337 2141 1402 vocabatur
2170 1336 2377 1402 Ovidii
2426 1340 2612 1405 editio
2643 1341 2801 1406 Par·

444 1443 671 1508 mensis
727 1460 781 1510 a.
832 1443 1019 1520 1477,
1089 1461 1277 1524 quam
1336 1442 1409 1507 A.
1456 1440 1643 1506 Polit.
1693 1439 2128 1505 collationibus
2174 1442 2561 1507 vetustorum
2616 1463 2801 1527 prae-

440 1547 869 1630 stantiumque
935 1544 1218 1611 codicum
1283 1546 1683 1609 exornaverat
1754 1547 1942 1626 atque
2005 1545 2478 1627 emendaverat,
2554 1548 2802 1612 servata

440 1649 591 1739 olim
650 1650 718 1714 in
777 1648 1159 1715 bibliotheca
1217 1649 1557 1713 conventus
1618 1646 1678 1712 S.
1746 1646 1947 1711 Marci
2019 1649 2372 1715 Florentiae
2389 1700 2405 1729 ‚
2481 1653 2588 1717 ubi
2660 1669 2799 1716 eam

441 1754 788 1837 complures
855 1751 974 1817 viri
1040 1750 1206 1816 docti
1276 1752 1691 1818 adhibuerunt
1758 1754 1944 1832 atque
2018 1754 2471 1834 excerpserunt.
2545 1754 2798 1819 Etenim

443 1874 605 1921 anno
669 1854 834 1920 1640
894 1852 1035 1918 inde
1079 1855 1381 1918 nonnulla
1425 1854 1485 1920 J.
1533 1855 1636 1918 Fr.
1688 1853 2033 1919 Gronovius
2089 1856 2513 1938 transscripsit
2568 1860 2636 1921 in
2679 1877 2798 1941 pu-

437 1958 691 2042 gillares
735 1953 971 2040 suos1')
991 2006 1009 2037 ‚
1056 1957 1173 2040 'qui
1229 1975 1396 2021 nnnc
1439 1959 1500 2022 in
1545 1956 1697 2022 bibl.
1747 1957 1921 2039 regia
1963 1957 2344 2023 Berolinensi
2390 1961 2796 2025 adservantur

443 2064 518 2144 (b.
564 2061 653 2128 D.
698 2080 843 2125 mss
891 2064 954 2128 8.
998 2063 1148 2143 176)
1170 2109 1185 2139 ‚
1251 2062 1462 2145 paullo
1509 2064 1648 2144 post
1704 2061 1781 2125 N.
1829 2060 2130 2126 Heinsius
2200 2063 2463 2127 eandem
2527 2064 2799 2130 excussit

436 2170 597 2232 teste
653 2166 956 2231 Merkelio
1022 2165 1138 2246 (ed.
1197 2164 1386 2228 Trist.
1434 2185 1491 2246 p.
1538 2163 1876 2245 XXXIII),
1935 2169 2300 2248 postremuS‚
2349 2168 2512 2249 quod
2576 2168 2794 2251 sciam,

439 2288 579 2334 eam
626 2269 789 2335 vidit
832 2269 1019 2349 atque
1064 2265 1349 2331 adhibuit
1392 2267 1694 2340 Bandini,
1761 2270 1867 2350 qui
1936 2269 2004 2331 in
2060 2270 2443 2350 praefatione
2489 2275 2644 2336 tomi
2704 2271 2795 2335 IV

443 2371 708 2454 catalog.
775 2371 946 2437 codd.
1014 2372 1126 2436 lat.
1196 2369 1346 2436 bibl.
1411 2372 1634 2436 Medic.
1694 2372 1877 2436 Laur.
1936 2391 1996 2455 p.
2043 2372 2351 2439 XXXVII
2417 2394 2570 2458 sqq„
2635 2395 2790 2457 quae

438 2474 676 2557 scripta
720 2476 815 2538 est
858 2475 958 2539 die
1002 2474 1107 2542 24.
1153 2474 1315 2541 Julii
1362 2495 1415 2540 a.
1457 2475 1638 2555 1777,
1687 2476 1885 2541 fusius
1932 2495 2068 2542 eam
2114 2477 2454 2560 descripsit.
2511 2477 2795 2545 Occurrit

436 2584 765 2662 praeterea
823 2580 1004 2643 huius
1050 2579 1340 2644 editionis
1407 2581 1642 2645 mentio
1702 2581 1767 2646 in
1826 2582 2209 2664 praefatione
2252 2582 2542 2647 editionis
2587 2582 2797 2648 Ovidii

438 2682 867 2747 Barbavianae
947 2681 1246 2766 (ParisiiS,
1291 2682 1561 2764 Barbou)
1643 2702 1698 2749 a.
1779 2685 1979 2760 1762,
2053 2684 2161 2747 ubi
2234 2684 2385 2748 haec
2455 2686 2790 2766 legunturz

439 2837 470 2871 „
491 2837 506 2853 .
533 2837 549 2852 .
576 2837 591 2853 .
611 2784 1071 2850 Tantummodo
1130 2786 1213 2848 in
1228 2786 1631 2851 seruimus
1702 2787 2142 2869 castiyatioues
2200 2787 2525 2867 quantivis
2569 2788 2789 2873 pretii,

437 2906 596 2967 quas
638 2887 812 2951 uobis
854 2888 1332 2951 communicavit
1388 2890 1489 2952 vir
1545 2889 1842 2955 harumce
1905 2909 2122 2953 rerum
2187 2888 2794 2971 iutelliyentissimus

438 2990 717 3071 idemque
762 2989 1258 3055 humanissimus
1301 2990 1389 3058 D.
1436 2992 1757 3057 Heerkens
1802 2992 2283 3074 Groniuyauus‚
2328 2992 2674 3072 descriptas
2717 3014 2796 3057 eoe

443 3091 668 3157 Ovidio
727 3093 1045 3171 impressa
1119 3093 1230 3172 qui
1288 3093 1420 3177 fuit
1473 3094 1710 3178 Auyeli
1753 3093 2070 3159 Politiaui
2113 3098 2591 3175 asservaturque
2637 3092 2793 3159 Flo-

435 3196 681 3258 rentiae
735 3196 808 3257 iu
874 3196 1234 3261 bibliotheca
1280 3197 1600 3277 Medieea‚
1662 3218 1824 3279 quas
1865 3198 1977 3263 ille
2034 3248 2049 3263 .
2076 3248 2091 3263 .
2119 3195 2421 3262 ,eiusdem
2467 3197 2617 3261 libri
2662 3199 2796 3263 oris

432 3318 511 3362 eae
553 3301 1009 3382 manuscriptis
1053 3302 1357 3367 codicibus
1400 3301 1762 3367 alleverat“.
1807 3303 1876 3367 in
1919 3303 2015 3367 his
2061 3302 2222 3367 illud
2254 3301 2545 3367 Medicea
2588 3322 2800 3370 errore

434 3402 740 3484 scriptum
785 3422 915 3470 esse
959 3405 1205 3471 videtur
1250 3425 1364 3488 pro
1411 3405 1795 3485 Marciana,
1857 3417 1998 3471 cum
2056 3407 2156 3471 vel
2200 3407 2549 3488 quindecim
2613 3411 2791 3474 annis

433 3510 572 3589 post
616 3507 747 3590 ipse
792 3508 1057 3574 Bandini
1101 3510 1309 3577 verbis
1374 3511 1625 3576 disertis
1683 3511 1846 3576 hanc
1886 3512 2186 3577 nominet.
2277 3514 2546 3578 ceterum
2617 3511 2791 3594 equi-

438 3609 579 3673 dem
622 3611 827 3675 nescio
874 3612 1024 3693 quid
1069 3612 1201 3676 illis
1247 3612 1507 3691 faciam3
1555 3633 1766 3695 neque·
1796 3615 1961 3678 enim
2006 3615 2071 3680 in
2103 3614 2368 3681 editione
2397 3616 2796 3681 Barbaviana

430 3890 754 3961 amydem-ari
781 3908 942 3961 posse
976 3893 1294 3948 videantur.
1364 3894 1437 3949 Id
1470 3895 1606 3949 adeo
1639 3895 1904 3950 Andreae
1938 3896 2224 3965 Nauyerio
2258 3895 2466 3960 referre
2501 3901 2783 3964 acceptum

432 3976 708 4035 debemus.-
748 3980 860 4048 qui,
896 3995 1020 4034 cum
1051 3979 1208 4034 illum
1241 3997 1311 4035 ex
1344 3982 1613 4050 veteribus
1639 3982 1937 4050 permultis
1973 3981 2368 4051 exemplaribus
2391 3981 2795 4051 diliqentissime

429 4063 774 4133 castiqasset:
825 4064 1039 4119 labores
1071 4081 1201 4121 suos
1234 4067 1513 4136 impertiri
1547 4068 1799 4122 omnibus
1844 4068 2044 4135 voluit,
2097 4083 2161 4121 ac
2207 4068 2344 4121 mihi
2385 4067 2790 4136 imprimeudum

429 4146 595 4224 dedit.
668 4148 750 4203 De
785 4150 866 4205 ed.
905 4149 1249 4221 Naugeriana
1284 4153 1352 4209 cf.
1388 4152 1450 4206 F.
1489 4153 1783 4219 Renouard,
1834 4153 1871 4206 1.
1908 4168 1950 4207 c.
1988 4155 2117 4206 anni
2157 4158 2287 4206 1516
2324 4153 2386 4206 n⁰
2417 4159 2453 4205 4
2488 4157 2544 4207 et
2578 4170 2624 4208 a.
2657 4159 2794 4207 1616

428 4234 490 4286 11ο
527 4241 575 4301 1,
611 4241 673 4300 2;
720 4236 784 4291 A.
818 4234 883 4292 F.
919 4235 1101 4302 Didot,
1137 4238 1170 4295 1.
1209 4253 1252 4294 c.
1288 4255 1341 4308 p.
1378 4242 1480 4292 403
1517 4254 1634 4307 sqq.

636 4338 699 4406 ²⁹)
736 4337 820 4391 cf.
856 4338 1073 4410 Sylloge
1123 4341 1338 4410 epistul.
1385 4357 1419 4395 a
1470 4342 1602 4397 viris
1647 4341 1729 4397 ill.
1766 4342 1949 4409 script.
1998 4342 2122 4396 coll.
2160 4342 2219 4395 P.
2261 4342 2539 4396 Burmann
2584 4344 2625 4399 t.
2674 4342 2787 4400 111.

427 4439 480 4492 p.
522 4429 636 4478 121.
