3371 5070
1435 449 1858 514 -63-

469 637 639 717 gium
686 655 809 702 non
854 637 1021 701 recte
1066 635 1554 718 interpretatum
1597 653 1731 700 esse
1776 638 1947 716 pute,
1994 636 2109 700 wie
2149 657 2324 720 yross
2367 637 2456 703 sie
2503 636 2665 702 auch
2720 637 2827 704 sei.

471 738 608 803 Art.
657 757 781 805 am.
827 739 927 805 III
972 739 1133 804 683:

675 859 798 924 Sed
842 863 925 937 te,
972 877 1506 940 quaecumque
1549 864 1665 939 est,
1713 858 2026 922 moderate
2069 858 2321 923 iniuria
2366 863 2586 928 turbet.

674 961 763 1025 Ex
808 962 880 1025 P.
933 962 1017 1025 1V
1066 961 1164 1025 12.
1220 964 1296 1028 19
1363 962 1545 1044 poeta
1608 962 2007 1044 conquestuS‚
2055 964 2212 1043 quod
2261 962 2555 1027 Tuticani
2600 981 2823 1028 nomen

470 1063 661 1128 metri
730 1064 972 1146 legibus
1033 1069 1438 1149 repugnaret,
1509 1070 1578 1130 ut
1650 1065 1925 1132 officium
2000 1065 2349 1147 neglectum
2426 1073 2678 1132 excuset
2738 1068 2828 1132 sic

474 1166 712 1249 pergit:

676 1269 851 1334 Haec
895 1271 1055 1335 mihi
1102 1291 1297 1337 causa
1339 1271 1467 1353 fuit
1511 1271 1702 1336 dilati
1746 1272 2030 1337 muueris
2073 1271 2281 1352 huius,

780 1375 955 1456 Quod
998 1396 1168 1440 meus
1213 1376 1450 1440 adiecto
1491 1376 1748 1457 faenore
1792 1375 2002 1439 reddet
2046 1395 2227 1439 amor
2244 1399 2267 1442 .·

678 1477 877 1564 Teque
934 1498 1164 1542 cauam
1228 1497 1712 1560 quacumque
1777 1483 1961 1562 uota,
2040 1479 2153 1543 tibi
2208 1479 2500 1543 carmina
2555 1479 2821 1543 mittam.

471 1579 719 1661 (Kornii
766 1583 949 1646 codex
993 1605 1062 1646 τε
1134 1601 1511 1663 quocumque
1567 1582 1794 1667 modo).
1871 1583 1945 1646 de
1990 1581 2291 1647 Tristium
2337 1603 2395 1648 v.
2449 1582 2551 1647 III
2598 1581 2696 1645 14.
2744 1581 2827 1646 35

475 1682 746 1747 dubitari
791 1684 974 1750 licet:

666 1787 1015 1869 Inyeuium
1058 1786 1294 1871 freyere
1337 1807 1544 1852 meum
1587 1786 1764 1851 mala
1783 1812 1804 1852 .·
1849 1788 2031 1852 cuius
2074 1792 2129 1851 et
2175 1791 2320 1851 aute

772 1889 949 1955 Fons
992 1890 1392 1972 infecunduS,
1431 1911 1759 1974 parvaque
1806 1911 1959 1954 vena
2001 1891 2153 1974 fuit.

673 1993 797 2060 Sed
840 2013 1261 2077 quaecumque
1303 1993 1451 2075 fluit,
1502 1995 1682 2059 nullo
1729 1999 2040 2060 exercente
2082 1994 2342 2078 refuyit.

466 2096 666 2181 possit
710 2108 874 2164 certe
916 2099 1136 2163 'eadem
1180 2099 1274 2164 vis
1323 2099 1523 2164 subici
1581 2099 1935 2181 pronomini
1981 2118 2417 2179 quaecumque.

673 2199 958 2266 Ceterum
1024 2202 1186 2284 apud
1254 2203 1460 2284 ipsum
1521 2201 1886 2267 Ciceronem
1944 2220 2358 2282 quaecumque
2412 2219 2523 2282 pro
2580 2199 2825 2281 qualis-

467 2323 725 2385 cumque
767 2306 1064 2382 occurrit,
1109 2324 1218 2386 pro
1262 2304 1424 2369 Rab.
1459 2306 1632 2370 Post.
1660 2305 1819 2369 VIII
1867 2307 1981 2369 21:
2036 2305 2348 2369 Gabinius
2394 2303 2562 2368 illud
2590 2321 2829 2384 quoquo

469 2407 727 2472 consilio
768 2408 946 2489 fecit,
1013 2409 1165 2490 fecit
1207 2412 1364 2472 certe
1408 2427 1553 2487 su0,·
1619 2427 2041 2489 quaecumque
2096 2427 2270 2472 mens
2315 2407 2439 2472 illa
2480 2408 2641 2489 fuit,
2703 2407 2828 2483 fuit

473 2510 782 2592 Gabinii,
859 2510 1025 2578 Orat.
1072 2512 1253 2578 XXX
1318 2513 1467 2579 106:
1532 2531 1648 2577 uos
1703 2513 1940 2597 primi,
2016 2513 2392 2593 quicumque
2457 2529 2709 2576 eramus
2773 2515 2828 2574 et

465 2614 1110 2696 quantulumcumque
1175 2616 1555 2681 dicebamus.
1585 2667 1599 2681 .
1628 2667 1642 2681 .
1671 2668 1685 2680 .
1744 2615 1961 2682 studia
2025 2616 2453 2680 convertimus.
2531 2615 2692 2698 quod
2749 2614 2827 2679 ad

467 2719 741 2801 ellipsim
787 2721 1041 2803 copulae
1084 2725 1171 2783 est
1229 2721 1482 2796 attinet,
1551 2720 1710 2783 mihi
1781 2719 2029 2801 quidem
2089 2718 2201 2782 illa
2263 2737 2383 2783 non
2428 2717 2637 2782 durior
2696 2736 2827 2781 esse

466 2823 710 2887 videtur
785 2841 969 2905 quam
1044 2823 1191 2887 haec
1268 2823 1672 2888 constructio:
1747 2823 2062 2903 placuisse
2135 2822 2254 2886 sibi
2328 2821 2690 2902 cuicumque
2742 2825 2826 2885 est

468 2926 788 3006 voluptas,·
861 2928 915 2989 si
971 2944 1113 2990 vero
1160 2931 1611 3006 quotacumque
1677 2927 1863 2991 malis
1922 2925 2244 3008 amplecti,
2316 2925 2527 2990 eadem
2590 2924 2825 3006 ellipsis

468 3029 554 3093 sit
598 3030 947 3094 statuenda.
1008 3032 1281 3093 ceterum
1328 3030 1619 3113 quoniam
1663 3031 1846 3094 huius
1890 3048 2123 3111 verSUS,
2174 3028 2469 3093 Ovidium
2512 3030 2826 3092 auctorem

467 3132 791 3197 manifeste
837 3133 1239 3215 ostendentiS‚
1287 3134 1526 3215 reliqua
1570 3134 1761 3197 verba
1805 3133 1989 3215 plane
2036 3135 2204 3197 certa
2234 3133 2383 3197 sunt
2413 3150 2609 3213 neque
2640 3130 2827 3198 latior

467 3239 671 3318 potest
730 3238 919 3301 statui
969 3237 1339 3317 corruptela,
1389 3237 1672 3318 equidem
1719 3235 1894 3301 verbi
1939 3236 2226 3315 voluptas
2271 3235 2517 3299 nullum
2579 3234 2825 3297 invenio

471 3339 845 3404 attributum
897 3376 980 3386 —
1040 3339 1105 3402 id
1153 3339 1323 3405 enim
1367 3339 1525 3402 mihi
1570 3339 1783 3422 utique
1827 3339 2243 3403 necessarium
2290 3357 2419 3402 esse
2468 3336 2714 3401 videtur
2741 3374 2827 3384 —

475 3444 633 3524 quod
680 3446 741 3507 et
785 3445 981 3507 metro
1027 3443 1376 3507 satisfaciat
1423 3444 1485 3507 et
1530 3444 1596 3507 in
1639 3461 2059 3523 quaecumque
2103 3442 2272 3507 abire
2317 3442 2610 3524 potuerit.
2674 3458 2825 3524 quae

472 3564 615 3610 eum
660 3546 750 3609 ita
794 3547 956 3623 sint,
1003 3566 1424 3626 quaecumque
1469 3564 1506 3611 a
1548 3547 1730 3627 poeta
1777 3548 1911 3629 ipso
1957 3547 2303 3629 profectum
2350 3564 2484 3610 esse
2528 3546 2695 3627 puto.

678 3648 753 3711 In
798 3668 857 3714 v.
906 3650 988 3714 32
1034 3648 1254 3731 scripsi
1301 3654 1496 3729 suast,
1545 3653 1703 3731 quod
1752 3650 2036 3714 exhibere
2085 3650 2327 3714 videtur
2376 3648 2472 3711 M.

674 3751 749 3816 V.
784 3752 868 3816 34
915 3751 1029 3819 viri
1076 3752 1242 3817 docti
1284 3753 1540 3835 pavonis
1587 3753 1894 3818 attributo
1944 3757 2122 3816 νηπία
2168 3754 2306 3816 avis
2353 3750 2571 3816 offensi
2616 3748 2822 3813 varias

469 3854 862 3935 protulerunt
907 3854 1311 3920 coniecturas,
1361 3855 1584 3919 Multa
1619 3855 1759 3918 avis
1805 3857 1990 3937 vulgo
2037 3855 2240 3919 editur
2271 3859 2487 3919 contra
2517 3851 2823 3916 librorum

470 3956 843 4038 optimorum
895 3958 1345 4023 auctoritatem.
1401 3960 1685 4041 equidem
1738 3959 1896 4022 nihil
1943 3959 2192 4022 omnino
2247 3955 2618 4020 mutandum
2692 3973 2821 4019 esse

468 4059 637 4142 pute.
697 4065 770 4125 ut
812 4060 980 4125 enim
1023 4059 1091 4123 in
1135 4059 1407 4124 naturali
1451 4061 1702 4142 quidem
1748 4059 2011 4125 historia
2041 4076 2197 4142 pavo
2228 4063 2405 4121 muta
2449 4058 2581 4123 avis
2615 4058 2824 4140 inepte

472 4167 814 4242 vocaretur,
847 4163 941 4228 ita
983 4163 1087 4227 hic
1116 4180 1225 4245 pro
1271 4163 1388 4228 loci
1434 4168 1657 4229 natura
1702 4166 1886 4246 atque
1934 4163 2305 4239 condicione,
2353 4162 2408 4225 si
2441 4162 2602 4243 quod
2650 4160 2822 4227 aliud

470 4267 684 4347 aptum
718 4269 811 4331 est
843 4265 1161 4347 epitheton
1192 4270 1401 4345 muta;
1445 4268 1759 4350 nimirum,
1788 4284 1934 4330 cum
1962 4267 2179 4330 cantus
2211 4264 2567 4329 modulatus
2592 4264 2823 4346 praeci-

470 4386 594 4448 pua
636 4373 718 4433 sit
764 4372 896 4434 laus
945 4372 1183 4447 avium,
1245 4389 1317 4434 ea
1361 4371 1525 4447 avie,
1585 4388 1742 4453 quae
1785 4370 1904 4435 hoc
1948 4368 2197 4434 omnino
2242 4387 2427 4451 egens
2474 4369 2820 4451 clangorem

473 4475 771 4552 quendam
817 4491 1071 4538 raucum
1103 4474 1288 4556 atqw
1323 4491 1466 4538 eum
1497 4472 1703 4555 ipsum
1737 4492 1876 4538 raro
1922 4474 2085 4555 edat,
2119 4473 2316 4536 forma
2347 4473 2562 4536 autem
2591 4469 2820 4535 mirum
