3371 5070
1509 401 1931 468 -48-

541 594 710 660 fusos
737 596 913 660 video
945 582 1253 658 1111611016
1284 592 1346 656 et
1376 610 1413 655 a
1455 591 1816 655 Burmanno
1863 589 1940 654 ad
1984 587 2044 652 h.
2072 589 2115 653 1.
2148 587 2334 669 locoS‚
2379 586 2490 653 ubi
2521 587 2907 665 medicamen

541 697 756 764 fucum
801 700 840 763 i.
874 718 928 763 6.
961 700 1200 762 certum
1244 695 1510 760 colorem
1542 693 1749 758 vultui
1800 693 2222 758 inducendum
2267 689 2583 775 signifieat
2641 694 2704 757 et
2746 713 2901 774 rem,

542 820 696 884 quae
751 799 951 866 vultui
1009 800 1327 864 medeatur
1386 801 1724 879 utcumque
1789 796 1977 861 laeso.
2048 795 2223 861 iubet
2280 796 2445 860 enim
2503 797 2902 864 Burmannus

538 907 702 970 hunc
747 904 952 969 locum
992 904 1365 984 comparari:
1429 899 1714 966 Petronii
1774 899 1904 965 Sat.
1957 898 2078 963 126
2132 899 2293 975 init„
2354 898 2462 964 ubi
2531 900 2607 964 de
2679 903 2906 968 ancilla

538 1009 854 1091 amplexus
887 1005 1175 1071 vendenti
1208 1006 1360 1069 haec
1384 1006 1710 1087 leguntur:
1756 1023 1876 1084 quo
1919 1004 2087 1067 enim
2131 1007 2415 1085 spectant
2439 1002 2638 1082 fleoeae
2666 1006 2903 1085 pectine

538 1131 764 1188 comae,
814 1128 935 1192 quo
983 1109 1180 1191 facies
1223 1107 1638 1171 medicamine
1683 1106 1908 1170 attrita
1952 1110 2008 1170 et
2052 1105 2372 1171 oculorum
2415 1127 2654 1190 quoque
2698 1110 2905 1175 mollis

525 1215 915 1294 petulantia,
961 1231 1080 1293 quo
1123 1212 1401 1274 incessus
1443 1213 1579 1273 arte
1621 1208 2021 1290 compositus.
2050 1260 2065 1276 .
2092 1233 2152 1293 ,3
2221 1227 2340 1292 quo
2385 1211 2517 1277 loco
2565 1214 2905 1279 manifesta

539 1321 634 1383 est
687 1318 812 1383 fuci
870 1315 967 1380 vel
1024 1314 1218 1380 fucati
1265 1312 1485 1379 coloris
1551 1311 1911 1396 (Schminke
1970 1331 2156 1378 sensu
2199 1317 2474 1398 proprio)
2512 1315 2903 1397 significatio.

540 1423 726 1503 atque
771 1419 938 1484 idem
989 1438 1100 1503 pro
1145 1417 1266 1482 loci
1313 1435 1496 1482 sensu
1541 1416 1946 1481 statuendum
1992 1421 2088 1481 est
2134 1416 2209 1481 de
2275 1416 2468 1482 altero
2528 1419 2689 1500 quod
2738 1420 2903 1484 Bur-

539 1541 803 1588 mannus
871 1522 1090 1587 attulit
1164 1520 1462 1602 exemplo,
1510 1520 1658 1585 ibid.
1717 1519 1872 1585 102:
1907 1524 2078 1601 puta
2130 1520 2431 1602 infectam
2489 1522 2906 1589 medicamine

534 1627 766 1710 faciem
798 1625 1047 1689 diutius
1077 1625 1314 1689 durare
1330 1641 1536 1704 posse.

743 1747 1029 1813 Alteram
1093 1746 1275 1811 illam
1340 1745 1884 1831 significationem,
1955 1764 2141 1828 quam
2211 1765 2322 1811 nos
2377 1748 2440 1811 in
2499 1747 2904 1831 inscriptione

534 1852 984 1934 amplectamur
1050 1854 1289 1933 oportet
1302 1848 1409 1931 ³⁰),
1477 1853 1662 1933 poeta
1728 1849 1859 1932 ipse
1901 1849 2108 1934 tangit
2153 1870 2211 1915 v.
2259 1850 2339 1915 67
2400 1851 2640 1917 dicens:
2711 1873 2903 1933 quae-

534 1975 793 2036 cumque
838 1954 1075 2036 afficiet
1142 1952 1263 2017 tali
1328 1951 1742 2017 medicamine
1785 1951 2062 2018 vultum.
2091 2003 2103 2017 .
2133 2001 2149 2018 .
2249 1956 2344 2017 est
2399 1954 2549 2019 haec
2605 1956 2903 2037 primaria

534 2058 701 2125 vocis
736 2057 1120 2122 medicamen
1150 2057 1265 2134 vis,
1315 2074 1472 2138 quae
1520 2075 1552 2119 6
1601 2056 1718 2120 1001
1750 2055 2045 2137 cuiusque
2076 2073 2259 2120 sensu
2290 2056 2537 2138 proprie
2583 2056 2898 2122 definitur.

534 2163 656 2226 huc
699 2161 942 2226 faciunt
988 2159 1053 2223 hi
1088 2160 1247 2223 loci:
1298 2160 1433 2224 IuV.
1482 2158 1572 2223 VI
1617 2158 1765 2237 472,
1813 2158 1940 2238 ubi,
1987 2162 2320 2241 postquam
2368 2159 2603 2241 foliata,
2651 2181 2896 2245 panem,-

533 2265 792 2347 pinguia
823 2263 1209 2346 Poppaeana,
1243 2261 1343 2328 lac
1371 2262 1614 2340 asellae,
1647 2262 1720 2326 ut
1751 2281 1846 2326 res
1876 2261 2100 2327 faciem
2132 2261 2465 2327 femineam
2498 2268 2897 2331 emendantes

535 2367 1061 2444 commemoravit,
1124 2367 1211 2430 sic
1276 2365 1485 2448 pergit
1550 2368 1765 2447 poeta:
1857 2364 1981 2430 Sed
2035 2385 2196 2447 quae
2251 2368 2512 2431 mutatis
2568 2367 2900 2433 inducitur

531 2474 714 2553 atque
753 2470 996 2553 fovetur
1034 2467 1147 2532 Tot
1190 2467 1716 2532 medicaminibus
1762 2472 2081 2551 coctaeque
2125 2468 2407 2553 siliyinis
2452 2471 2613 2553 offas
2643 2471 2899 2554 Accipit

533 2579 589 2639 et
633 2572 957 2651 madidae,
1005 2572 1203 2654 facies
1261 2570 1504 2636 dicetur
1546 2591 1638 2635 an
1680 2571 1907 2637 ulcus?
1966 2572 2228 2639 Tertull.
2275 2574 2352 2638 de
2397 2576 2555 2658 virg.
2607 2576 2723 2642 vel.
2778 2577 2893 2641 12:

533 2680 684 2744 Iam
725 2682 783 2743 et
828 2676 1169 2741 consilium
1206 2675 1452 2757 formae
1491 2696 1535 2739 a
1576 2675 1821 2756 speculo
1856 2680 2083 2757 petunt
2123 2682 2180 2741 et
2217 2675 2452 2757 faciem
2493 2680 2898 2742 morosiorem

534 2784 787 2848 lavacro
844 2783 1170 2845 macerant
1183 2829 1198 2859 ‚
1265 2777 1542 2859 forsitan
1609 2782 1665 2842 et
1718 2778 1934 2860 aliquo
1988 2780 2405 2844 medicamine
2472 2780 2891 2863 interpolant3

527 2886 697 2951 idem
757 2883 833 2948 de
891 2883 1067 2948 cultu
1113 2881 1257 2945 fem.
1308 2881 1373 2945 II
1418 2882 1501 2946 5:
1574 2882 1748 2963 Quae
1816 2885 2016 2947 cutem
2066 2882 2591 2949 medicaminibus
2645 2890 2895 2968 uryent,

516 3008 722 3072 penas
766 2986 986 3051 rubore
1029 2985 1386 3052 maculant.
1413 3034 1430 3051 .
1457 3033 1473 3050 .

735 3109 825 3174 At
870 3125 1008 3172 cum
1055 3108 1151 3188 iis,
1199 3124 1355 3188 quae
1401 3105 1694 3183 diximus,
1739 3106 1965 3171 titulus
2013 3106 2239 3171 codicis
2271 3107 2577 3173 Marciani
2621 3109 2775 3174 satis
2807 3111 2893 3177 sit

533 3210 846 3286 111111111116,
917 3211 1099 3276 valde
1174 3211 1282 3277 ille
1345 3209 1608 3292 infringi
1672 3208 1920 3274 videtur
1989 3211 2120 3275 loco
2186 3209 2365 3276 Artis
2443 3213 2633 3276 amat.
2703 3232 2894 3295 supra

515 3313 860 3396 6116011010,
910 3315 1010 3378 0111
1054 3316 1303 3377 1611111111
1346 3314 1572 3378 tribuit
1612 3313 1681 3378 L.
1736 3313 2015 3390 Mueller,
2063 3316 2135 3376 ut
2185 3313 2611 3378 medicamina
2652 3314 2893 3396 formae

532 3418 730 3499 ipsam
778 3434 909 3480 esse
956 3416 1271 3498 opusculi,
1330 3415 1492 3497 quod
1536 3416 1910 3491 tractamus,
1967 3415 2434 3499 inscriptionem
2478 3418 2888 3485 contenderit.

531 3521 639 3585 sed
688 3535 930 3596 vereor,
977 3538 1054 3582 ne
1098 3518 1261 3600 plue,
1309 3536 1497 3601 quam
1541 3537 1651 3602 par
1698 3518 1847 3595 erat,
1897 3520 1955 3583 ei
2001 3519 2296 3584 tribuerit
2341 3518 2434 3583 vir
2491 3520 2604 3585 ille
2651 3519 2888 3587 doctus,

531 3642 731 3706 neque
765 3621 930 3687 enim
962 3619 1132 3686 aliud
1164 3623 1347 3704 poeta
1377 3620 1499 3685 nisi
1545 3619 1998 3686 summatim
2043 3639 2117 3686 ea
2156 3620 2385 3706 tangit,
2435 3640 2591 3703 quae
2636 3622 2890 3690 libellus

532 3746 570 3793 a
615 3746 678 3792 se
724 3724 1096 3810 compositus
1157 3723 1650 3805 complectatur,
1708 3723 1772 3788 id
1820 3726 1984 3806 quod
2029 3724 2348 3790 dicendi
2392 3729 2654 3794 verbum
2707 3728 2886 3792 lucu-

529 3831 736 3895 1611161
779 3828 1123 3895 confirmat.
1192 3830 1358 3892 06116
1414 3826 1586 3891 aliud
1631 3829 1757 3906 est,
1819 3829 1978 3911 quod
2035 3829 2109 3894 de
2155 3831 2457 3894 Amorum
2515 3830 2691 3895 libris
2736 3830 2891 3896 dicit

528 3932 790 3999 Ovidius
836 3933 997 4015 (Art,
1054 3934 1244 3996 amat.
1291 3930 1394 3996 111
1441 3930 1635 4014 343):
1692 3914 2046 4012 Decerpens
2101 3931 2314 4011 libris,
2382 3933 2682 3998 titulus
2736 3951 2888 4015 quos

735 4192 793 4257 ³⁰)
832 4190 1051 4243 Falsum
1090 4192 1172 4244 est
1207 4190 1348 4260 quod
1385 4206 1503 4243 cum
1527 4189 1660 4243 alias
1698 4191 1816 4241 tum
1851 4188 1908 4241 in
1949 4187 2140 4243 Jahnii
2182 4189 2412 4257 praefat.
2453 4205 2503 4257 p.
2530 4192 2632 4241 47⁷
2669 4189 2877 4259 legitur

528 4279 585 4331 61
619 4278 791 4331 fusius
827 4277 1108 4345 exponitur
1153 4294 1185 4330 a
1221 4275 1574 4345 Hertzbergio
1612 4276 1945 4344 (Heilmittel
1994 4291 2164 4344 gegen
2202 4275 2290 4330 die
2327 4274 2492 4329 Liebe
2529 4274 2641 4328 und
2677 4274 2881 4329 Schen-

530 4363 859 4417 heitsmittel
896 4363 1152 4416 metrisch
1190 4363 1477 4427 ubersetzt,
1516 4363 1815 4431 Stuttgart,
1851 4361 2076 4416 Metzler
2111 4378 2166 4429 p.
2204 4364 2360 4427 1664)
2376 4400 2393 4427 ,
2428 4358 2678 4414 Ovidium
2714 4361 2880 4414 etiam

528 4449 593 4503 de
625 4449 746 4515 fuci
770 4449 1148 4518 compositione
1174 4448 1270 4503 hoc
1294 4450 1544 4519 opusculo
1569 4464 1741 4518 agere.
1781 4449 1848 4504 cf.
1875 4447 2017 4502 infra
2037 4446 2437 4501 adnotationem
2472 4448 2541 4500 ad
2565 4461 2773 4506 versum
2800 4448 2885 4500 98.
