3371 5070
1507 442 1935 506 ...70-

550 628 699 691 dum
746 632 862 709 est,
895 627 1167 708 proxime
1199 627 1439 691 accedit
1484 628 1793 709 scriptura
1839 645 1993 708 quae
2041 627 2137 691 est
2179 627 2247 690 in
2297 625 2351 692 O
2402 627 2711 710 friyifere,
2766 649 2906 696 cum

550 730 618 793 in
677 730 932 811 reliquis
989 729 1274 792 omnibus
1330 730 1591 793 audaces
1660 730 1903 794 exstent
1974 728 2377 793 coniecturae.
2451 731 2742 810 inflantis
2793 752 2903 815 pro

462 884 465 889 .
550 835 860 898 instantis
904 834 1200 917 palmaris
1247 834 1343 897 est
1385 833 1571 896 Marii
1617 833 1798 916 Nigri
1844 835 2215 911 coniectura,
2265 853 2453 915 quam
2483 835 2673 901 etiam
2700 837 2905 902 Mure-

551 943 689 1002 tum
736 938 1045 1001 invenisse
1090 937 1358 1001 testatur
1403 933 1718 1002 Ciofanu8.

754 1040 928 1120 Quod
976 1043 1050 1104 ad
1096 1059 1231 1105 rem
1261 1039 1511 1117 attinet,
1544 1040 1623 1104 ad
1670 1038 1925 1119 lupinos
1969 1040 2030 1103 in
2077 1057 2259 1105 versu
2305 1041 2691 1105 antecedenti
2738 1059 2906 1106 com-

547 1144 920 1207 memoratos
968 1144 1199 1224 optime
1246 1142 1513 1224 quadrat
1540 1141 1730 1223 fabae
1760 1143 1948 1223 notio,
1995 1147 2065 1206 ut
2098 1143 2176 1206 ad
2208 1147 2441 1206 torrere
2471 1147 2532 1208 in
2565 1145 2684 1209 hoo
2727 1164 2906 1210 versu

544 1246 725 1329 friye.
797 1247 975 1311 fabae
1022 1247 1224 1311 farina
1267 1248 1365 1311 vel
1411 1246 1761 1334 lomentum
1809 1246 2025 1309 multis
2079 1247 2228 1310 locis
2274 1250 2795 1312 commemoratur
2837 1250 2909 1312 ut

548 1350 1090 1426 medicamentum,
1139 1350 1318 1431 quale
1365 1350 1475 1413 hoc
1519 1349 1651 1413 loco
1699 1349 2050 1430 requiritur.
2101 1367 2172 1413 ac
2222 1350 2535 1415 Martialis
2582 1352 2906 1434 Epigram-

549 1456 719 1517 mata
763 1451 861 1516 ΙΙΙ
904 1453 988 1516 42
1035 1456 1096 1516 et
1148 1452 1302 1517 XIV
1345 1452 1431 1517 60
1485 1451 1610 1516 iam
1658 1450 1951 1534 Micyllus
1996 1453 2341 1534 adscripsit.
2390 1454 2546 1517 adde
2592 1453 2791 1518 Diosc.
2840 1454 2907 1517 II

551 1556 670 1620 127
717 1548 816 1636 (vo
863 1553 921 1617 δ’
949 1544 1210 1638 ἄλευρον
1253 1553 1369 1617 τοῦ
1412 1546 1659 1636 κυάμου
1675 1602 1859 1619 .....
1907 1546 2134 1637 σμήχει
2166 1552 2238 1619 δὲ
2268 1553 2375 1619 καὶ
2403 1546 2693 1642 α’λφούς),
2739 1556 2904 1620 Plin.

548 1657 693 1723 Nat.
726 1658 892 1722 Hist.
926 1656 1203 1721 XXXIII
1246 1656 1302 1718 4.
1364 1658 1496 1738 (25)
1549 1657 1652 1733 85,
1700 1654 1913 1721 Celsus
1956 1657 2022 1721 II
2069 1657 2175 1741 32,
2222 1657 2441 1724 Galen.
2469 1657 2588 1722 VH
2633 1657 2905 1740 Simplic.

549 1762 772 1826 medic.
819 1760 935 1835 59,
1006 1760 1088 1824 al.
1135 1759 1342 1824 fabam
1402 1763 1611 1823 autem
1656 1759 1979 1823 inflantem
2027 1760 2127 1823 vel
2171 1760 2566 1826 flatulentam
2613 1779 2743 1825 esse
2786 1780 2908 1826 non

552 1867 643 1927 est
687 1863 846 1944 quod
893 1861 1272 1926 testimoniis
1319 1863 1734 1945 comprobem,
1782 1880 1942 1943 quae
1988 1863 2141 1926 satis
2178 1881 2481 1944 superque
2514 1863 2910 1928 contulerunt

550 1965 629 2030 ad
687 1966 848 2029 hunc
903 1966 1106 2029 locum
1165 1967 1556 2046 interpretes.
1632 1966 1739 2029 sed
1801 1965 1854 2028 si
1899 1966 2027 2029 iam
2072 1965 2285 2030 fabam
2330 1964 2653 2030 inflantem
2700 1968 2908 2032 vocari

548 2071 859 2151 patiamur
903 2087 940 2133 a
982 2069 1248 2151 poeta,
1295 2069 1458 2133 iusto
1501 2068 1748 2151 longius
1781 2068 2149 2152 processisse
2180 2068 2425 2133 videtur
2457 2070 2765 2149 HeinsiuS,
2801 2071 2905 2153 qui

550 2173 856 2238 coniciens
924 2172 1222 2252 inflantes
1254 2223 1268 2237 .
1306 2222 1320 2238 .
1358 2222 1373 2237 .
1416 2172 1605 2254 fabas
1659 2173 1850 2237 etiam
1906 2171 2222 2238 obiectum
2283 2191 2545 2252 corpora
2613 2173 2907 2238 attribuit

548 2277 741 2341 verbo
788 2276 896 2340 isti
940 2296 1045 2359 per
1091 2295 1156 2339 se
1202 2277 1297 2340 sat
1343 2277 1627 2341 molesto.
2649 2300 2654 2301 ’
2751 2300 2754 2303 ⁴
2867 2332 2881 2344 r

753 2379 1061 2461 Equidem
1106 2398 1367 2460 corpora
1410 2378 1530 2444 hoc
1573 2381 1705 2443 loco
1753 2380 2120 2461 usurpatum
2166 2398 2298 2444 esse
2342 2382 2493 2461 puto
2525 2397 2633 2461 pro
2669 2400 2904 2463 yrana,

551 2500 704 2567 quae
748 2483 1151 2566 significatio,
1222 2482 1342 2549 etsi
1401 2501 1521 2548 non
1568 2486 2088 2548 commemoratur
2130 2485 2195 2548 in
2242 2481 2486 2567 lexicis,
2554 2486 2765 2549 tamen
2808 2482 2906 2549 his

552 2588 989 2669 comprobatur
1035 2587 1347 2669 exemplis.
1396 2585 1506 2651 ov.
1555 2587 1656 2651 Tr.
1708 2587 1737 2650 Ι
1782 2589 1844 2654 5.
1890 2587 2007 2651 48:

755 2689 870 2752 Tot
911 2688 1089 2753 mala
1133 2709 1273 2753 sum
1304 2708 1560 2771 passuS,
1606 2694 1755 2770 quot
1797 2691 1871 2752 in
1918 2690 2156 2753 aethere
2198 2691 2413 2754 sidera
2460 2691 2686 2769 lucent,
2746 2704 2749 2707 ’

847 2790 1186 2873 Parvaque
1231 2797 1373 2873 quot
1417 2793 1615 2856 siccas
1662 2811 1942 2872 corpor
1960 2812 2002 2855 a
2039 2793 2257 2872 pulvis
2300 2792 2498 2857 habet.-

638 2913 790 2978 Met.
836 2912 989 2975 XIV
1039 2912 1190 2976 137:

1358 3002 1502 3078 quot
1543 2996 1789 3061 haberet
1833 3016 2102 3078 corpora
2136 2997 2371 3078 pulvis

763 3101 877 3165 Tot
919 3100 1080 3164 mihi
1124 3101 1375 3166 natales
1420 3101 1773 3183 continyere
1816 3121 1989 3164 vana
2031 3100 2265 3183 royavi.

757 3220 931 3300 Quod
978 3224 1189 3285 autem
1224 3220 1483 3286 Ovidius
1525 3221 1712 3302 fabas
1756 3224 1889 3286 tam
1935 3223 2090 3286 mire
2122 3222 2598 3304 circumscribit,
2632 3223 2905 3304 profecto

553 3323 753 3388 multa
798 3327 860 3387 et
906 3325 969 3387 in
1014 3323 1132 3388 hoc
1175 3324 1384 3390 libello
1431 3326 1495 3388 et
1538 3324 1606 3388 in
1663 3325 1919 3407 reliquis
1967 3326 2348 3390 carminibus
2395 3328 2461 3390 in
2509 3326 2730 3408 primis
2777 3325 2910 3408 epi-

552 3425 732 3489 theta
774 3444 982 3489 rerum
1025 3427 1400 3509 simplicium
1447 3433 1796 3507 occurrunt,
1846 3447 1999 3511 quae
2044 3429 2219 3493 nulla
2262 3429 2386 3494 alia
2418 3430 2492 3493 de
2524 3448 2711 3494 causa
2741 3429 2911 3493 dicta

552 3545 684 3593 esse
729 3527 1018 3593 videntur
1063 3530 1181 3593 nisi
1224 3532 1296 3593 ut
1353 3530 1673 3611 epitheton
1740 3530 2009 3611 aliquod,
2082 3549 2200 3612 quo
2246 3548 2343 3595 res
2388 3531 2533 3596 illae
2593 3532 2906 3611 ornentur,

554 3631 874 3697 adiciatur.
935 3649 1006 3695 ac
1053 3631 1202 3713 quid
1246 3632 1433 3714 putas
1480 3633 1630 3697 haec
1679 3633 2023 3715 significare
2066 3633 2131 3697 in
2177 3634 2346 3698 Fast.
2392 3634 2485 3699 IV
2532 3635 2687 3700 734:

762 3733 981 3799 Tertia
1023 3754 1120 3797 res
1162 3734 1364 3798 durae
1407 3734 1651 3799 culmen
1681 3736 1878 3799 inane
1903 3736 2141 3818 fabae?
2186 3740 2281 3801 est
2310 3737 2464 3803 haec
2495 3785 2512 3803 .
2544 3788 2561 3806 .
2608 3739 2911 3823 stipula

554 3837 895 3902 fabacea.
966 3856 1122 3919 quae
1176 3857 1319 3903 cum
1377 3836 1468 3901 ita
1522 3838 1678 3917 sint,
1742 3838 1928 3903 lectio
1975 3843 2051 3903 ad
2098 3840 2249 3905 libri
2294 3839 2599 3906 Marciani
2642 3844 2911 3925 vestigia

561 3941 836 4023 reposita
880 3959 952 4006 ex
996 3940 1165 4005 omni
1209 3942 1385 4023 parte
1434 3941 1795 4006 satisfacere
1839 3942 2107 4010 Videtur,

759 4043 1192 4109 Coniecturam
1237 4043 1480 4110 Heinsii
1526 4044 1594 4110 in
1624 4064 1681 4109 v.
1719 4044 1800 4109 72
1828 4046 2209 4127 propositam
2243 4047 2460 4129 piyris
2506 4049 2637 4129 (pro
2669 4048 2907 4130 myris)

554 4145 739 4212 molis
783 4165 907 4211 non
956 4164 1540 4225 commemorarem,
1588 4147 1714 4212 nisi
1760 4147 2018 4213 eandem
2061 4168 2258 4231 nuper
2304 4149 2498 4215 etiam
2540 4149 2605 4217 J.
2650 4152 2715 4218 J.
2761 4138 2907 4215 Cor-

553 4249 823 4316 nelissen
853 4249 1053 4314 denuo
1084 4251 1503 4331 proposuisset
1547 4250 1889 4333 iisdemque
1923 4251 2145 4333 quibus
2189 4253 2488 4318 Heinsius
2521 4252 2907 4337 argumentis

556 4351 1048 4417 commendasset
1061 4381 1083 4433 ‚·
1127 4352 1379 4438 NiqriS,
1425 4353 1630 4435 inquit
1677 4354 1999 4432 (MnemoS.
2027 4354 2137 4419 VI.
2182 4374 2244 4420 n.
2294 4373 2343 4419 s,
2390 4376 2449 4438 p.
2495 4355 2672 4438 309),
2704 4354 2909 4436 plane

555 4455 816 4519 otiosum
844 4460 900 4519 et
942 4455 1290 4521 absurdam
1318 4460 1424 4520 est.
1472 4455 1719 4536 Lupini
1746 4456 1855 4521 ilci
1899 4461 1953 4521 et
1994 4456 2181 4539 fabae
2225 4456 2385 4522 lente
2426 4456 2908 4523 comminuenda
