3371 5070
2385 136 2410 153 ,ν
2604 118 2612 147 t
2857 116 2887 133 “-

2430 146 2474 187 κ’
2519 203 2590 239 ὓς
2621 194 2742 230 Te?
2927 175 2942 197 *⁸
3004 240 3014 251 ι

2715 270 2746 285 “·.
2791 258 2896 289 ““1’“χὲ
2963 248 2968 267 ἱ

2367 274 2676 343 1111ἪΤΠ
2961 294 2970 351 f

554 596 719 662 foliis
775 595 892 680 58,
955 597 1262 679 scriptura
1333 594 1602 664 Gothica
1673 594 1904 658 litteris
1970 593 2411 659 minutissimis
2488 598 2777 660 exaratus
2840 597 2916 661 ab

558 698 818 765 Heinsio
866 698 943 762 ad
992 717 1049 762 v,
1097 699 1180 764 88
1226 696 1469 762 saeculo
1514 695 1657 762 XII.
1708 695 1835 761 fere
1879 694 2080 761 medio
2128 693 2558 780 attributusss).
2606 696 2916 761 Henricus

558 800 995 878 Schenkelius,
1060 802 1197 883 qui,
1268 800 1407 864 c'um
1456 801 1598 864 ante
1663 800 1774 864 hos
1819 797 1939 864 duo
1997 816 2187 864 annos
2232 798 2485 864 ltaliam
2529 802 2916 886 peragrabat,

554 904 719 969 hunc
765 903 1040 969 codicem
1087 902 1418 986 diligenter
1462 902 1748 979 excussit,
1797 920 1940 966 eum
1982 901 2310 983 incipienti
2358 919 2516 967 saec.
2562 901 2739 970 XIII.
2806 903 2915 968 ad-

559 1006 808 1089 scribit,
856 1008 920 1071 id
965 1008 1125 1089 quod
1172 1006 1363 1071 etiam
1410 1005 1757 1089 scripturae
1805 1004 2221 1087 discrepantia
2267 1006 2608 1072 confirmat.

760 1128 984 1192 Insunt
1052 1130 1264 1191 autem
1333 1125 1483 1191 haee
1563 1125 1666 1207 (cf.
1716 1125 1968 1208 Ianelli,
2041 1112 2103 1206 p.
2176 1127 2295 1191 181
2355 1129 2510 1210 sq.):
2579 1129 2650 1191 P.
2712 1126 2919 1195 Ouidii

561 1230 824 1295 Nasonis

769 1336 822 1399 1.
874 1333 1049 1398 Libri
1095 1336 1223 1397 tres
1269 1333 1344 1397 de
1390 1333 1524 1398 arte
1569 1333 1840 1409 amandi,

759 1438 819 1502 2.
869 1438 1175 1504 Amorum
1219 1435 1365 1502 libri
1409 1437 1555 1520 treS,

761 1541 822 1607 3.
870 1540 1091 1625 Elegia
1134 1541 1209 1604 de
1255 1539 1631 1622 Philomena,
1683 1543 1758 1605 ad
1805 1559 1994 1623 quam
2041 1540 2108 1604 in
2156 1559 2262 1607 ora
2292 1542 2560 1624 paginae
2585 1541 2918 1621 Parrhasii,

556 1649 626 1710 ut
671 1645 896 1710 Ianelli
941 1645 1317 1727 suspicatur,
1363 1662 1552 1709 manu
1600 1643 1983 1726 adscriptum
2033 1649 2158 1709 est:
2210 1643 2449 1731 „Talia
2494 1665 2605 1710 nec
2633 1646 2781 1728 fecit
2811 1667 2921 1713 nec

564 1748 721 1813 vidit
765 1749 1062 1813 carmina
1110 1746 1354 1830 Naso“,

758 1851 819 1914 4.
867 1850 1089 1935 Elegia
1136 1853 1210 1915 de
1255 1850 1491 1929 Pulice,

762 1956 821 2019 5.
871 1953 1138 2018 Carmen
1184 1952 1259 2016 de
1305 1952 1719 2017 medicamine
1767 1954 2009 2017 aurium
2056 1972 2348 2020 versuum
2393 1955 2472 2019 21
2522 1955 2613 2020 sie
2659 1955 2923 2043 inscrip-

561 2060 734 2123 tum:
783 2055 1026 2137 Incipit
1070 2055 1225 2120 liber
1276 2054 1485 2119 Ovidii
1528 2055 1603 2118 de
1651 2054 2082 2120 Medicaminc
2124 2058 2407 2140 aurium,

767 2160 826 2224 6.
877 2160 1025 2224 folio
1069 2159 1156 2225 54
1216 2157 1307 2223 De
1375 2159 1786 2225 medicamine
1829 2156 2007 2224 faciei
2053 2159 2304 2225 libellus
2352 2179 2495 2225 cum
2540 2161 2654 2225 hoc
2699 2161 2920 2229 titulo:

561 2262 805 2344 Incipit
850 2262 1006 2326 liber
1045 2261 1264 2342 Ouidij
1308 2261 1382 2325 de
1425 2262 1702 2342 specul05
1746 2263 2126 2343 subscriptio
2173 2265 2268 2327 est
2312 2263 2502 2340 nulla,

767 2366 825 2429 7.
871 2363 1088 2449 Elegia
1133 2367 1210 2430 de
1254 2363 1500 2446 Somno,

762 2471 820 2537 8.
869 2469 1090 2555 Elegia
1133 2470 1208 2534 de
1253 2467 1426 2532 Nuce
1478 2467 1639 2551 (Ino.
1690 2467 1845 2532 liber
1899 2466 2126 2532 Ouidii
2167 2467 2242 2531 de
2289 2467 2516 2552 Nuce).

764 2590 932 2672 Quae
997 2591 1294 2655 secuntur
1371 2591 1646 2655 carmina
1712 2588 2322 2655 Pseudo-Ovidiana
2388 2594 2463 2657 de
2530 2593 2784 2670 cuculo,
2845 2593 2922 2657 de

561 2695 921 2760 humoribus
967 2694 1242 2777 corporis
1286 2694 1577 2771 humani,
1655 2694 1731 2757 de
1793 2693 1940 2757 ludo
1999 2692 2445 2772 scacchorum,
2507 2697 2718 2760 omnia
2771 2696 2923 2762 haec

550 2798 865 2864 attributa
908 2798 1153 2876 Ovidio,
1201 2818 1238 2862 a
1283 2816 1473 2862 manu
1517 2800 1678 2863 saec'.
1728 2798 1862 2861 XV.
1910 2801 2059 2863 sunt
2105 2803 2381 2864 exarata.

764 2915 862 2979 Ad
909 2917 1138 2980 calcem
1183 2915 1330 2980 libri
1374 2918 1529 2981 haec
1573 2917 1869 3000 leguntur
1909 2916 2221 2993 „Antonii
2252 2917 2605 2996 Seripandi
2648 2923 2705 2983 et
2735 2918 2921 2985 Ami-

559 3023 833 3083 corum“.
908 3018 1076 3100 prior
1121 3023 1334 3084 autem
1391 3020 1538 3084 libri
1594 3035 1910 3102 possessor
1970 3020 2097 3084 fuit
2139 3019 2444 3102 Aloysius
2487 3020 2562 3085 de
2611 3020 2922 3101 Gallum,

560 3121 735 3186 cuius
782 3139 1004 3186 nomen
1048 3122 1393 3185 secundum
1439 3121 1771 3186 Ianellium
1831 3127 1968 3203 post
2029 3123 2291 3188 tertium
2346 3122 2585 3191 librum
2637 3144 2923 3191 amorum

564 3225 625 3288 et
668 3224 733 3288 in
778 3223 983 3305 prima
1029 3223 1253 3288 codicis
1301 3224 1532 3306 pagina
1577 3221 1914 3289 invenitur.

763 3341 1053 3408 Ceterum
1098 3342 1200 3407 hic
1244 3342 1428 3408 codex
1473 3343 1733 3409 Heinsio
1765 3346 2015 3410 auctore
2044 3345 2364 3428 hucusque
2400 3348 2586 3432 vulgo
2617 3350 2921 3427 omnium,

561 3446 667 3528 qui
711 3445 1005 3511 libellum
1050 3446 1124 3510 de
1171 3448 1332 3511 med.
1381 3447 1425 3512 f.
1474 3448 1795 3529 exhibent,
1854 3447 2130 3531 optimus
2188 3449 2505 3517 immerito
2551 3451 2921 3519 habebatur.

1044 3653 1110 3719 5.
1163 3652 1249 3720 no
1298 3653 1529 3722 codice
1584 3654 2014 3739 neapontano
2064 3637 2279 3725 antero
2331 3657 2439 3742 ”2-

767 3789 973 3856 Codex
1032 3790 1484 3874 Neapolit'anus
1541 3794 1719 3868 alter,
1789 3812 2047 3859 numero
2105 3793 2313 3860 CCLX
2371 3797 2657 3870 notatus,
2726 3811 2925 3857 mem-

562 3890 925 3972 branaceus,
970 3893 1260 3964 foliorum
1308 3896 1397 3961 45
1440 3895 1507 3958 in
1531 3901 1795 3977 quarto,
1845 3900 2157 3979 scriptura
2200 3896 2471 3962 Gothiea
2511 3905 2798 3963 exaratus
2830 3900 2925 3960 est

559 3999 733 4062 annis
783 3997 1076 4064 1385—ss
1120 4000 1181 4064 in
1228 3999 1408 4064 domo
1457 3998 1821 4080 Goesparini
1864 4001 1938 4065 de
1985 4001 2216 4066 Sancto
2276 3998 2497 4081 Vitale,
2549 4002 2714 4083 quod
2763 3998 2925 4063 duae

556 4098 986 4183 inscriptiones
1032 4105 1374 4171 testantur.

770 4360 809 4426 ⁸)
849 4359 978 4413 dicit
1012 4360 1178 4414 enim:
1238 4365 1369 4414 ante
1402 4360 1723 4429 quinqentos
1771 4374 1950 4414 annos
1996 4362 2264 4429 scriptus,
2320 4377 2440 4415 eum
2496 4359 2660 4415 editio
2713 4358 2833 4426 ipsa
2880 4379 2926 4418 a.

558 4450 826 4499 1658-61
866 4446 1143 4515 prodierit.
