3371 5070
1606 433 2034 497 -20-

633 615 1030 699 deperditis),
1077 635 1340 699 quorum
1388 618 1513 683 168
1544 618 1888 706 (ez—174¹»)
1923 624 2264 704 perscripta
2294 625 2443 689 sunt
2473 624 2540 689 in
2569 624 3007 710 Francogallia

631 718 772 784 inde
817 737 858 784 a
898 720 999 787 die
1031 721 1152 786 III.
1182 723 1415 791 mensis
1439 724 1483 790 J
1484 722 1602 789 ulii
1634 724 1800 789 1443
1831 744 2024 808 usque
2071 727 2149 792 ad
2175 727 2251 792 V.
2276 729 2407 794 Mai
2440 748 2495 794 a.
2527 730 2711 811 1444,
2738 731 2998 815 reliqua,

628 822 857 905 quibus
902 824 1256 889 continetur
1298 824 1604 891 Pindarus
1649 827 2003 907 Thebanus,
2050 830 2288 912 scripta
2354 836 2497 897 sunt
2565 833 2642 897 ab
2688 833 2765 898 A.
2812 835 2995 900 Bele-

631 925 854 1008 viegne
897 930 1185 1009 quodam,
1211 928 1320 1008 qui
1346 945 1571 993 nomen
1614 947 1803 994 suum
1847 934 1945 995 ter
1988 931 2379 1015 subscripsit.
2425 935 2644 1001 insunt
2689 941 2900 1002 antem
2929 937 2996 1000 in

628 1028 742 1092 hoc
784 1027 968 1107 libro,
1017 1030 1192 1095 cuius
1247 1033 1608 1097 accuratam
1666 1032 2063 1098 collationem
2118 1038 2185 1101 et
2246 1037 2728 1122 descriptionem
2772 1041 2850 1105 ad
2894 1059 2995 1105 me

627 1131 808 1195 misit
850 1131 1291 1211 Frankfurter,
1338 1132 1527 1197 haec:
2300 1137 2305 1143 ’

831 1235 887 1299 1.
935 1233 1189 1300 Catonis
1212 1234 1499 1314 disticha,
1532 1236 1591 1300 2.
1618 1236 1832 1302 Ovidii
1855 1238 2154 1305 Remedia
2176 1257 2322 1318 am.,
2356 1240 2416 1304 3.
2444 1239 2651 1307 Ovidii
2675 1245 2993 1325 Heroides,

624 1338 687 1403 4.
738 1337 941 1404 Ovidii
985 1338 1237 1417 Tristia,
1283 1339 1344 1405 5.
1393 1339 1602 1406 Ovidii
1647 1342 1769 1407 Ars
1816 1346 2027 1420 amat„
2076 1345 2134 1410 6.
2181 1342 2294 1425 Ep.
2342 1363 2415 1407 ex
2457 1346 2674 1423 Ponte,
2723 1348 2781 1411 7.
2830 1348 2993 1426 Nux,

620 1444 688 1515 8.
735 1444 827 1506 De
871 1459 1105 1519 somne,
1151 1443 1212 1510 9.
1245 1442 1338 1508 De
1371 1443 1610 1523 cuculo,
1662 1445 1763 1512 10.
1802 1446 1893 1510 De
1923 1447 2147 1528 pulice,
2197 1448 2296 1512 11.
2343 1447 2437 1511 De
2474 1448 2721 1529 annum,
2757 1447 2858 1511 12.
2894 1449 2988 1513 De

625 1544 1035 1611 medicamine
1081 1545 1348 1623 aurium,
1404 1545 1503 1611 13.
1550 1548 1641 1611 De
1671 1547 2039 1629 philomena
2069 1547 2237 1633 (sic),
2286 1549 2384 1614 14.
2415 1548 2506 1612 De
2551 1549 2717 1630 lup0,
2769 1551 2866 1615 15.
2898 1551 2990 1613 De

622 1647 1017 1713 mirabilibus
1063 1648 1303 1725 mundi,
1376 1647 1478 1714 16.
1524 1648 1675 1728 Ibis,
1753 1651 1851 1715 17.
1905 1652 1995 1716 De
2041 1654 2238 1717 medic
2283 1653 2400 1718 fac.
2449 1653 2693 1728 (inscr.:
2740 1651 2988 1732 Incipit

621 1752 698 1816 de
740 1748 1080 1815 medican‘ie
1121 1751 1336 1835 facici,
1385 1752 1648 1821 subscr.:
1724 1753 2022 1835 Eoeplicit
2058 1753 2129 1821 Ο.
2175 1755 2250 1819 de
2292 1755 2706 1820 medicamine
2748 1753 2983 1834 faciei),

628 1856 728 1920 18.
775 1856 868 1919 De
913 1854 1160 1936 vetula,
1231 1856 1618 1937 quam·haec
1685 1857 1972 1940 sequitur
2016 1854 2428 1938 subscriptio:
2485 1858 2819 1938 Inceptum
2860 1855 2989 1937 fnit

618 1959 677 2022 h’
723 1957 1040 2023 volumine
1086 1957 1220 2021 III
1251 1959 1352 2023 die
1396 1960 1631 2023 mensis
1672 1959 1842 2023 Iulii
1896 1977 2069 2022 anno
2105 1957 2370 2022 XLIII
2403 1964 2460 2022 et
2499 1960 2760 2040 finitum
2810 1957 2865 2023 V
2887 1958 2990 2022 die

620 2061 853 2126 mensis
896 2062 1060 2126 maii
1103 2081 1277 2126 anno
1320 2062 1634 2136 Revolnto,
1690 2062 1788 2131 19.
1832 2062 2197 2127 Maximiani
2227 2063 2484 2146 elegiae,
2531 2062 2635 2127 20.
2685 2062 2990 2127 Pindarus

619 2166 978 2232 Thebanus.

825 2267 1081 2334 Saeculo
1127 2268 1349 2332 XVIII
1392 2268 1494 2331 hic
1541 2269 1729 2333 codex
1774 2269 1895 2333 fuit
1927 2267 2276 2333 Crevennae
2324 2267 2647 2334 cuiusdam
2692 2287 2990 2333 nummu-

619 2372 802 2453 larii,
879 2372 945 2437 in
1020 2373 1194 2438 cuius
1261 2372 1542 2455 catalogo
1613 2374 1776 2437 teste
1839 2371 2086 2455 Voigtio
2161 2372 2504 2456 insignitus
2563 2372 2658 2436 est
2730 2390 2990 2437 numero

619 2476 819 2560 3666;
878 2495 915 2542 a
961 2474 1278 2541 Crevenna
1323 2494 1465 2540 eum
1511 2475 1665 2540 emit
1712 2474 2068 2542 Santonius.
2161 2479 2402 2541 textum
2446 2475 2759 2558 opusculi,
2825 2474 2988 2556 quod

616 2583 983 2659 tractamus,
1030 2580 1133 2644 hic
1177 2578 1367 2644 codex
1411 2578 1569 2643 mire
1624 2581 1949 2645 turbatum
2003 2578 2257 2643 exhibet
2302 2580 2489 2661 atque
2535 2578 2981 2652 dilaceratum;

616 2682 863 2750 omissis
932 2682 1098 2749 enim
1146 2681 1425 2747 versibus
1468 2682 1575 2760 46,
1623 2683 1727 2762 55,
1774 2682 1878 2759 56,
1927 2682 2206 2760 77-84,
2253 2684 2354 2766 91,
2402 2682 2485 2747 92
2531 2682 2801 2764 reliquos
2867 2681 2981 2743 hoc

616 2785 829 2851 ordine
896 2785 1087 2850 habet
1154 2784 1517 2865 dispositos:
1598 2785 1826 2865 1-45,
1871 2784 2147 2863 47-50,
2196 2784 2470 2863 73-76,
2537 2783 2616 2850 51
2669 2784 2977 2863 (audacter

615 2890 975 2966 mutatum),
1020 2888 1125 2961 53,
1172 2886 1451 2966 52-54‚
1497 2888 1776 2966 57—73‚
1825 2888 2101 2968 85-90,
2149 2888 2473 2954 93-100,

726 3059 731 3064 ,
812 2992 967 3054 Post
1011 3007 1258 3054 versum
1304 2990 1390 3056 50
1432 2995 1579 3055 nota
1632 2991 1939 3074 quaedam
2004 2991 2185 3056 unius
2241 2992 2448 3056 lineae
2508 2990 2697 3056 celeri
2742 2989 2981 3055 calamo

615 3098 713 3161 est
757 3095 1024 3168 exarata,
1093 3110 1216 3174 qua
1280 3092 1576 3164 librarius
1644 3093 1912 3158 fortasse
1957 3095 2247 3159 lacunam
2293 3095 2461 3160 inter
2505 3111 2609 3159 vv.
2657 3093 2744 3157 50
2789 3093 2852 3156 et
2896 3089 2976 3154 51

614 3199 891 3263 hiantem
953 3196 1154 3262 voluit
1223 3196 1606 3282 significare3
1672 3217 1870 3280 neque
1936 3200 2151 3263 tamen
2209 3198 2275 3262 id
2335 3198 2667 3280 quicquam
2712 3195 2861 3259 facit
2905 3192 2984 3256 ad

615 3301 964 3384 augendam
1007 3299 1193 3365 huius
1238 3299 1388 3365 libri
1433 3300 1893 3378 auctoritatem,
1941 3303 2165 3384 quippe
2213 3301 2316 3383 qui
2370 3304 2443 3365 ut
2484 3298 2757 3381 plerique
2802 3295 2984 3358 huius

614 3403 839 3469 aetatis
928 3402 1012 3466 sit
1054 3403 1443 3468 retractatus.

1182 3589 1270 3656 17.
1322 3589 1412 3657 ne
1458 3587 1834 3674 fraumenta
1885 3589 2182 3657 Parisino
2234 3603 2292 3671 p.
2321 3584 2393 3664 ¹⁴)

828 3727 901 3792 In
978 3729 1184 3793 codice
1258 3730 1650 3795 miscellaneo
1729 3729 2148 3795 bibliothecae
2216 3726 2449 3790 nation.
2517 3726 2711 3791 Paris,
2790 3725 2979 3791 6707.

611 3831 940 3897 chartaceo
1009 3832 1162 3897 olim
1210 3831 1592 3909 Colbertino,
1670 3834 1778 3916 qui
1846 3833 1994 3897 folio
2045 3831 2168 3895 183
2228 3848 2561 3894 numerum
2616 3828 2762 3893 anni
2810 3827 2975 3892 1466

613 3933 803 4000 habet
852 3934 1272 4018 inscriptum,·]
1295 3941 1439 4020 post
1482 3938 1627 4001 illa:
1676 3936 1751 3999 de
1798 3934 2025 4017 pulice,
2073 3933 2150 3997 de
2196 3950 2411 3998 somno
2438 3960 2518 3990 =
2548 3934 2696 4000 Am.
2727 3932 2759 3995 Ι
2787 3931 2850 4011 5,
2898 3932 2974 3996 de

609 4036 1017 4103 medicamine
1059 4038 1251 4116 surdi,
1296 4040 1589 4105 adiuncta
1634 4037 1834 4104 codici
1878 4037 2090 4120 paullo
2122 4036 2265 4120 post
2312 4056 2545 4102 annum
2593 4035 2778 4118 1466,
2828 4034 2976 4099 folio

609 4140 768 4207 23οΒ
815 4143 1116 4226 leguntnr
1163 4142 1348 4208 huius
1393 4142 1599 4210 libelli
1643 4159 1860 4207 versus
1905 4141 2171 4225 triginta
2243 4140 2411 4213 (inde
2455 4160 2492 4205 a
2534 4139 2736 4220 primo
2781 4155 2973 4221 usque

608 4248 684 4311 ad
747 4244 1139 4310 tricesimum
1194 4246 1524 4327 primum).
1599 4262 1753 4329 quos
1810 4263 2023 4311 versus
2068 4245 2134 4311 in
2178 4248 2379 4325 usum}
2423 4260 2631 4307 meum
2673 4238 2975 4325 singulari

815 4479 882 4546 ¹⁴)
919 4477 986 4531 cf.
1022 4476 1196 4530 Melot
1233 4478 1276 4529 t.
1315 4474 1410 4531 IV.
1448 4490 1500 4543 p.
1538 4480 1658 4529 419.
