3371 5070
1599 446 2028 513 „22-

634 637 912 700 curatam
960 654 998 699 a
1043 633 1372 698 Francisco
1415 633 1763 700 Puteolano
1792 633 2118 700 Parmensi
2161 634 2476 701 Bononiae
2506 655 2564 704 a.
2598 639 2763 703 1471
2797 639 2995 706 edidit

633 736 967 803 Baithasar
998 736 1351 819 Azoguidus
1395 734 1548 800 civis
1582 736 2007 816 Bononiensis,
2034 739 2376 804 secundum
2420 740 2707 806 tabulam
2740 741 2893 808 folio
2920 743 3022 807 4⁸,

632 840 1019 922 propositam
1055 838 1328 915 (Tabula
1370 850 1594 903 earum
1628 856 1844 904 rerum
1876 860 1995 921 que
2037 839 2142 905 siit
2186 845 2223 904 ῖ
2249 841 2363 906 hec
2406 843 2751 929 uolumine)
2784 843 2991 911 Ovidii

631 943 906 1011 carmina
950 940 1066 1007 hoc
1110 942 1322 1007 ordine
1365 942 1554 1008 habet
1601 943 1936 1025 disposita:

833 1051 893 1111 1.
939 1044 1285 1127 Epistolae,
1331 1049 1397 1111 2.
1443 1046 1756 1110 Amorum
1802 1047 1952 1111 libri
1998 1048 2140 1127 ΙΙΙ,
2188 1053 2251 1113 3.
2296 1049 2397 1115 De
2441 1056 2580 1117 arte
2622 1051 2894 1115 amandi
2935 1055 2992 1114 et

626 1150 702 1215 de
743 1149 1012 1213 remedio
1058 1149 1295 1212 amoris
1311 1197 1327 1227 ,
1396 1153 1457 1212 4.
1508 1147 2093 1233 Metamorphoseon
2139 1151 2291 1216 libri
2340 1153 2412 1217 X
2426 1153 2495 1234 V,
2563 1158 2622 1220 5.
2669 1155 2990 1221 Invectiva

625 1253 702 1316 in
730 1250 903 1334 Ibin,
952 1257 1008 1317 6.
1042 1249 1244 1327 Fasti,
1291 1256 1352 1315 7.
1388 1250 1655 1336 Tristia,
1702 1255 1764 1316 8.
1798 1254 1898 1317 De
1928 1257 2145 1333 ponte,
2191 1259 2252 1318 9.
2285 1253 2386 1319 De
2421 1256 2656 1340 pulice,
2703 1264 2806 1325 10.
2837 1258 2990 1323 Phi-

625 1354 885 1437 lomela,
951 1358 1048 1420 11.
1092 1352 1193 1418 De
1235 1353 1648 1419 medicamine
1689 1354 1917 1435 faciei,
1990 1357 2091 1421 cui
2136 1356 2351 1422 libello
2397 1358 2547 1423 haec
2590 1361 2837 1426 adiecta
2893 1366 2989 1426 est

625 1457 1030 1542 subscriptiox
1079 1457 1154 1522 Ρ.
1195 1456 1410 1522 Ovidii
1455 1458 1740 1524 Nasonis
1784 1459 1859 1525 de
1900 1461 2315 1525 medicamine
2356 1462 2548 1544 faciei
2594 1461 2839 1527 libellus
2882 1483 2989 1525 ex-

612 1561 808 1645 plicit
849 1560 1136 1645 feliciter,
1183 1565 1288 1627 12.
1333 1556 1435 1626 De
1478 1583 1653 1628 nuce.

829 1665 1085 1732 Praeter
1130 1666 1435 1732 editiones
1481 1667 1809 1751 principeS,
1859 1687 1978 1750 quo
2010 1669 2257 1734 facilius
2289 1669 2554 1753 perspici
2581 1668 2797 1751 possit,
2830 1685 2984 1750 quae

620 1767 780 1834 ratio
825 1768 992 1834 inter
1034 1769 1143 1834 has
1188 1770 1253 1834 et
1296 1768 1680 1851 reliquarum
1726 1770 2068 1835 editionum
2128 1773 2415 1837 veterum
2471 1772 2827 1854 potissimas
2886 1771 2983 1834 in-

620 1872 920 1950 tercedat,
967 1874 1245 1956 integras
1290 1873 1527 1938 inserui
1559 1872 1921 1939 collationes
1953 1874 2335 1939 Venetarum
2366 1875 2607 1956 primae
2639 1877 2702 1941 et
2730 1874 2987 1940 alterius

619 1994 672 2041 a.
723 1975 891 2040 1474
935 1979 1000 2041 et
1051 1975 1218 2042 1486
1252 1974 1523 2065 ,(Sedlm.
1571 1975 1614 2041 l.
1664 1993 1717 2040 c.
1763 1976 1845 2038 27
1894 1979 2047 2059 sq.),
2108 1977 2392 2043 editionis
2438 1977 2795 2042 Parmensis
2839 1977 2988 2042 anni

623 2078 789 2144 1477
838 2077 1103 2159 (Sedlm.
1151 2099 1214 2162 p.
1252 2078 1385 2162 31),
1431 2079 1805 2144 Aldinarum
1853 2079 2091 2161 primae
2135 2100 2191 2145 a.
2231 2078 2555 2164 1502s3¹⁷)
2590 2084 2652 2144 et
2683 2080 2987 2145 secundae

618 2200 675 2247 a.
712 2181 1004 2261 1515s16,
1039 2201 1193 2264 quae
1222 2199 1437 2247 omnes
1486 2181 1899 2261 adservantur
1942 2183 2009 2247 in
2053 2181 2204 2246 bibl.
2253 2183 2448 2266 palat.
2477 2183 2744 2248 Vindob.
2791 2181 2982 2247 editio

617 2284 849 2351 Aldina
891 2288 1160 2352 secunda
1205 2304 1274 2351 eo
1318 2287 1721 2371 potissimum
1768 2288 1864 2350 est
1917 2286 2243 2365 notabiliS,
2314 2289 2475 2370 quod
2544 2287 2608 2351 in
2676 2304 2747 2350 ea
2804 2284 2984 2349 crisis

619 2387 964 2455 Ovidianae
1009 2390 1213 2474 prima
1257 2392 1505 2455 exstant
1550 2390 1737 2454 initia
1779 2389 1948 2454 facta
1991 2389 2068 2455 ab
2101 2390 2354 2455 Andrea
2383 2389 2700 2472 Naugerio
2751 2388 2984 2471 (Nava-

620 2496 817 2578 gero),
877 2512 999 2559 uno
1059 2512 1131 2558 ex
1186 2493 1387 2560 doctis
1434 2492 1804 2580 “academiae
1869 2492 2160 2559 Aldinae.
2251 2492 2436 2558 huius
2493 2495 2677 2559 notae
2737 2490 2987 2558 criticae

617 2596 1105 2679 (Annotationes
1147 2596 1221 2660 in
1266 2597 1485 2660 omnia
1537 2594 1755 2677 Ovidij
1797 2597 2015 2676 opera)
2060 2596 2442 2678 praemissae
2488 2599 2637 2661 sunt
2681 2597 2984 2661 volumini

619 2700 1206 2784 Metamorphoseon
1251 2701 1445 2765 libros
1494 2699 1871 2777 continenti,
1940 2700 2102 2782 quod
2159 2700 2531 2781 impressum
2592 2703 2686 2764 est
2739 2749 2767 2777 „
2792 2698 2983 2762 Vene-

617 2805 728 2869 tiis
756 2804 831 2868 in
864 2803 1124 2867 aedibus
1140 2801 1303 2867 Aldi
1326 2807 1383 2867 et
1406 2802 1708 2867 Andreae
1731 2801 1940 2867 Soceri
1965 2803 2189 2866 Mense
2215 2800 2569 2866 Februario
2587 2800 2813 2866 MDX
2828 2799 2979 2864 VI“.

554 2975 575 2984 ,
620 2927 762 2974 cum
818 2907 915 2973 his
985 2906 1152 2971 notis
1197 2906 1630 2991 coniungenda
1678 2907 1773 2970 est
1831 2924 1985 2987 quae
2042 2924 2144 2971 eas
2192 2906 2471 2989 sequitur
2518 2905 2825 2987 appendix
2883 2902 2983 2967 cui

616 3009 1013 3076 inscribitur:
1077 3008 1581 3093 „Impressorum
1646 3011 1864 3072 errata
1929 3008 2019 3071 sic
2087 3006 2441 3090 corriyito“.
2501 3010 2775 3072 ceterum
2843 3024 2985 3070 cum

618 3113 773 3180 alias
819 3114 957 3188 tum
1002 3113 1193 3178 etiam
1239 3113 1306 3179 in
1351 3111 1737 3195 Bernhardyi
1783 3111 2124 3176 novissima
2183 3110 2454 3177 editione
2514 3111 2811 3175 historiae
2855 3109 2983 3174 litt.

615 3215 794 3281 Rom.
820 3216 907 3297 (a.
939 3216 1134 3301 1872)
1180 3236 1243 3300 p.
1269 3217 1396 3282 549
1441 3235 1708 3282 errorem
1753 3218 2176 3299 deprehendas
2224 3237 2255 3281 e
2302 3216 2436 3282 loco
2479 3216 2544 3282 in
2575 3214 2731 3279 bibl.
2758 3214 2985 3279 Latina

616 3318 890 3386 Fabricii
934 3319 1187 3403 (Venet.
1236 3320 1423 3400 1728,
1469 3319 1535 3385 II
1580 3340 1640 3403 p.
1674 3321 1784 3401 31)
1838 3339 2190 3404 perperam,
2235 3324 2308 3385 ut
2352 3319 2616 3401 videtur,
2665 3317 2983 3381 intellecto

616 3426 1049 3506 propagatum,
1094 3423 1394 3507 Naugerii
1436 3443 1649 3490 curam
1697 3424 1979 3490 criticam
2023 3424 2150 3488 iam
2195 3425 2260 3487 in
2304 3420 2537 3485 Aldina
2594 3421 2794 3501 prima
2836 3420 2984 3485 anni

621 3524 860 3608 150213
927 3526 1183 3591 exstare.
1270 3527 1379 3592 sed
1422 3527 1584 3593 nihil
1645 3527 1713 3590 in
1775 3527 1892 3591 hac
1948 3543 2176 3590 novam
2230 3522 2439 3606 prodit
2496 3524 2705 3587 textus
2771 3540 2984 3586 recen-

616 3628 885 3706 sionem,
955 3630 1022 3693 in
1066 3630 1322 3695 alterius
1384 3633 1597 3695 autem
1641 3629 1944 3706 Aldinae,
2014 3645 2201 3709 quam
2248 3625 2565 3691 dedicavit
2622 3625 2982 3691 Bernhardo

618 3729 853 3796 Divitio
899 3731 1232 3808 cardinali,
1291 3732 1573 3795 Andreas
1618 3730 1930 3796 Asulanus
1977 3729 2134 3794 dicit
2176 3728 2607 3794 recensionem
2651 3728 2857 3812 ipsam
2904 3726 2981 3792 ad

616 3821 1004 3917 Naugerium
1049 3854 1182 3900 esse
1228 3833 1618 3898 referendam
1642 3830 1737 3916 ¹⁸).

825 4151 887 4219 ⁸⁷)
923 4150 1005 4205 Cf.
1041 4151 1107 4205 de
1142 4149 1242 4204 hac
1277 4149 1513 4205 editione
1546 4152 1611 4204 A.
1645 4151 1714 4205 A.
1749 4149 2059 4216 Renomd,
2115 4151 2353 4206 Annales
2389 4150 2454 4205 de
2488 4148 2852 4218 l’imprimerie
2887 4145 2981 4198 des

613 4232 749 4287 Alde
786 4237 884 4288 etc.
922 4234 1099 4301 (Paris
1139 4238 1325 4304 182⁶),
1371 4234 1427 4290 1²
1462 4237 1591 4289 anni
1632 4241 1765 4290 1³02
1801 4236 1876 4291 η’.
1915 4241 1979 4291 13
2015 4249 2113 4305 sq„
2148 4238 2213 4291 A.
2250 4235 2309 4289 F.
2346 4234 2543 4300 Didot,
2589 4232 2724 4288 Alde
2758 4231 2981 4286 Manuos

615 4318 791 4383 (Paris
833 4323 989 4387 1875)
1027 4337 1079 4389 p.
1119 4325 1223 4375 224
1258 4338 1375 4392 sqq.

825 4405 890 4471 ¹⁸)
933 4404 1293 4462 Ovidius-2...
1339 4423 1492 4463 nunc
1546 4424 1615 4464 σω
1666 4409 1898 4476 officina
1948 4413 2142 4465 nostra
2191 4408 2243 4463 is
2286 4405 2513 4477 prodit,
2569 4413 2634 4463 ut
2681 4409 2782 4478 qui
2817 4406 2982 4477 prius

615 4493 805 4547 multis
857 4492 922 4546 in
966 4492 1098 4548 locis
1151 4494 1600 4563 corr-Quaerimus
1650 4493 2159 4560 circumferebatur,
2220 4493 2288 4549 in
2339 4509 2400 4548 eo
2447 4509 2636 4562 pauca
2687 4493 2982 4551 admodum
