3371 5070
1527 344 1942 409 -24-

558 527 691 592 tria
729 528 987 592 omnino·
1025 529 1343 594 volumina
1387 531 1960 613 comprehendenti,
2019 552 2174 615 quae
2233 534 2474 599 nudum
2518 537 2732 620 utique
2778 544 2912 604 tex-

558 630 695 695 tum
742 632 1071 712 praebent,
1119 633 1252 698 ulla
1294 636 1538 699 exstant
1582 638 2009 719 excerptorum
2056 637 2308 702 illorum
2353 640 2645 725 vestigia.

760 752 1215 819 Gravissimum
1272 756 1480 817 autem
1523 753 1745 818 horum
1803 760 2215 838 excerptorum
2273 759 2545 840 pretium
2590 761 2753 826 illud
2799 767 2913 842 est,

554 853 721 935 quod
787 853 1132 919 Politianus
1191 854 1379 919 libros
1449 855 1756 921 Tristium
1820 858 1883 922 et
1939 859 2246 924 Amorum
2294 863 2355 925 et
2402 861 2596 927 Nucis
2643 867 2909 932 contulit

558 975 700 1021 cum
745 960 995 1022 vetusto
1038 959 1246 1023 codice
1290 958 1706 1025 bibliothecae
1751 961 2140 1041 Marcianae,
2189 964 2298 1045 qui
2340 984 2503 1032 nunc
2549 968 2911 1051 deperditus

556 1078 692 1124 esse
760 1059 1022 1125 videtur.
1112 1060 1439 1126 exstabant
1501 1061 1667 1126 enim
1727 1064 1793 1127 in
1849 1064 2122 1131 editione
2179 1067 2292 1133 illa
2353 1069 2467 1134 hae
2524 1075 2710 1137 notae
2754 1077 2912 1140 teste

554 1162 861 1228 Bandinio
891 1161 1190 1226 Politiani
1223 1181 1407 1227 manu
1440 1164 1791 1245 adscriptae
1814 1164 1933 1247 Ω(’);
1980 1168 2081 1231 Ad
2112 1167 2308 1234 libros
2342 1173 2680 1236 Amorum:
2712 1172 2914 1252 „Con-

555 1264 760 1350 tuli[t]
808 1285 949 1329 cum
1002 1265 1256 1329 vetustis
1298 1265 1538 1329 duobus
1582 1269 2051 1349 exemplaribus
2105 1273 2302 1337 altero
2349 1273 2644 1339 Marciae
2689 1278 2813 1341 bibl
2820 1280 2907 1343 io-

555 1367 780 1447 thecae,
825 1369 1022 1433 altero
1054 1367 1364 1434 Medicae.
1407 1369 1594 1434 Illud
1637 1391 1681 1433 a
1728 1372 1938 1436 littera
1981 1375 2397 1460 siqnificatur,
2443 1376 2552 1441 hoc
2596 1378 2808 1443 littera
2853 1382 2908 1446 b.

555 1477 748 1537 1493.
817 1473 921 1537 die
964 1477 1072 1539 27.
1120 1474 1453 1555 Septembr.
1502 1475 1660 1539 hora
1716 1478 1964 1542 circiter
2007 1482 2194 1544 tertia
2247 1482 2445 1545 noctis
2499 1482 2574 1546 in
2619 1482 2904 1545 rusculo“

554 1578 668 1661 (sc.
739 1579 1132 1660 Faesulano).
1221 1579 1300 1644 ad
1376 1580 1568 1645 libros
1642 1580 1986 1648 Tristium:
2073 1582 2374 1666 „Contuli
2447 1585 2555 1649 hos
2627 1586 2900 1665 quinque

555 1681 866 1745 Tristiwm
932 1680 1157 1745 Libros
1222 1701 1363 1745 cum
1427 1684 1681 1747 vetustis
1747 1684 1986 1748 duobus
2051 1686 2359 1751 codicibus
2415 1707 2478 1751 se
2541 1691 2731 1771 (recte
2774 1688 2902 1770 scd)

442 1836 445 1839 .
550 1784 877 1848 vetustiore
941 1803 1074 1848 nori
1131 1784 1299 1849 nihil
1355 1785 1551 1849 altero
1605 1807 1682 1849 ea:
1725 1784 1811 1851 D.
1863 1787 2081 1850 Marci
2123 1787 2464 1853 Florentia
2531 1790 2910 1870 bibliotheca,

553 1886 719 1968 quod
781 1887 993 1950 littera
1048 1907 1090 1950 a
1146 1887 1416 1967 indicat,
1493 1889 1692 1952 altero
1761 1892 1970 1951 autem
2012 1887 2164 1952 'non
2218 1890 2489 1970 perinde
2543 1896 2775 1955 vetusto
2834 1912 2910 1955 eoe

556 1989 813 2054 Medica
856 1989 1182 2065 Libraria,
1228 1990 1394 2070 quod
1438 1990 1473 2054 b
1521 1991 1733 2056 littera
1777 1991 2193 2074 siqnificatur.
2299 1991 2420 2057 Ubi
2463 1997 2717 2074 uterque
2762 2014 2906 2058 cort·

543 2093 726 2176 yruit
768 2092 956 2156 codex
1000 2092 1165 2156 nihil
1194 2094 1580 2174 apponimus
1623 2093 1817 2176 siqui.
1871 2092 2202 2158 Observavi
2247 2099 2475 2185 autem,
2521 2096 2684 2176 quod
2728 2096 2908 2181 soleo,

550 2201 623 2261 ut
663 2196 739 2260 de
782 2215 913 2259 meo
964 2194 1130 2259 nihil
1185 2196 1565 2262 addiicerem
1579 2247 1595 2277 ,
1663 2201 1851 2278 utque
1906 2218 1985 2261 ue
2049 2199 2174 2263 illa
2239 2198 2493 2279 quidem
2545 2200 2906 2284 omitterem,

546 2322 709 2384 quae
753 2300 1046 2364 mendosa
1088 2318 1212 2365 esse
1257 2300 1563 2386 liquebat,
1624 2303 1729 2366 die
1773 2305 1881 2367 27.
1930 2301 2097 2366 Iulii
2140 2306 2318 2366 1493
2361 2303 2435 2365 in
2479 2300 2682 2366 Pauli
2726 2303 2908 2366 adiu-

548 2405 789 2470 toribus
860 2403 1174 2467 Nicholao
1241 2402 1551 2468 Balclella
1616 2410 1672 2468 et
1739 2405 1999 2469 Roberto
2063 2405 2349 2469 Minutio
2404 2404 2908 2485 familiaribus“.

553 2508 818 2590 denique
862 2508 929 2572 in
974 2508 1137 2573 calce
1181 2508 1382 2573 libelli
1427 2508 1502 2573 de
1547 2509 1722 2575 Nuce
1790 2511 1942 2575 haec
2002 2511 2364 2592 adscripsit:
2430 2508 2723 2589 „Contuli
2768 2529 2909 2574 cum

546 2611 898 2693 eoeemplari
940 2631 1016 2676 ex
1058 2610 1144 2676 D.
1198 2610 1414 2674 Marci
1457 2610 1854 2675 Bibliotheca
1900 2612 2214 2676 Libellum
2258 2612 2424 2676 bunc
2469 2613 2543 2675 de
2588 2612 2766 2676 Nuce
2809 2613 2910 2676 die

551 2719 654 2782 21.
683 2715 847 2780 Iulii
876 2719 1115 2780 1493“.
1156 2715 1481 2780 Fastorum
1528 2716 1777 2779 collatio
1824 2735 1969 2780 cum
2002 2719 2277 2799 „uetusto
2306 2715 2545 2780 codice“
2584 2716 2661 2780 ab
2695 2715 2909 2780 eodem

550 2819 857 2886 Politiano
903 2821 1072 2884 facta
1118 2819 1351 2884 nullius
1398 2821 1492 2883 est
1536 2817 1742 2900 pretii,
1790 2819 1935 2900 quia
1981 2819 2164 2883 codex
2210 2818 2287 2883 ab
2335 2836 2402 2883 eo
2470 2819 2735 2883 collatus
2780 2820 2910 2902 ipse

551 2923 729 2988 nobis
774 2924 1021 3005 praesto
1067 2923 1183 2995 est,
1229 2920 1663 2986 Ursininianus
1712 2920 1819 3005 (cf.
1852 2921 2109 2998 Merkel,
2154 2922 2250 2986 ed.
2298 2922 2600 2987 fastorum
2647 2939 2703 2988 a.
2740 2921 2903 2986 1841

549 3048 608 3110 p.
642 3023 1139 3107 CCLXXXIII.).
1186 3027 1427 3106 praeter
1456 3025 1568 3089 has
1613 3024 1970 3089 collationes
2000 3024 2382 3089 Politianum
2428 3029 2607 3089 notas
2652 3023 2907 3089 criticas

547 3130 626 3193 ad
672 3127 1006 3208 epistulam
1051 3125 1352 3210 Sapphus,
1421 3126 1502 3190 ad
1547 3126 1801 3208 Artem,
1869 3126 2170 3191 Remedia
2214 3128 2471 3205 amoriS,
2541 3126 2739 3202 Ibim,
2787 3126 2909 3191 alia

549 3231 953 3311 adscripsisse
997 3228 1287 3294 docemur
1331 3228 1699 3313 apographis
1747 3228 2179 3295 GronovianiS.

757 3349 876 3415 Sed
921 3354 995 3414 ut
1053 3352 1180 3415 iam
1241 3353 1318 3416 de
1360 3351 1654 3417 Politiani
1721 3352 1926 3417 codice
1970 3353 2284 3417 Marciano
2331 3352 2553 3428 dicam,
2612 3351 2731 3415 etsi
2783 3367 2909 3413 non

552 3471 807 3536 possum
850 3454 1142 3538 proferre,
1191 3456 1296 3537 qui
1327 3456 1436 3520 ille
1465 3454 1674 3531 fuerit,
1706 3459 1916 3521 tamen
1961 3457 2277 3522 Marciano
2309 3455 2415 3537 qui
2444 3455 2621 3521 nobis
2664 3456 2908 3536 praesto

548 3560 644 3622 est
690 3556 832 3641 (M)
886 3559 1086 3622 virum
1130 3559 1315 3622 illum
1361 3557 1613 3621 doctum
1654 3575 1841 3622 usum
1874 3575 1997 3622 non
2029 3577 2177 3633 esse,
2226 3560 2386 3639 quod
2431 3558 2780 3640 suspicatus
2816 3560 2910 3622 est

547 3659 808 3739 Merkel,
857 3664 1032 3725 extra
1076 3680 1324 3726 omnem
1371 3659 1828 3724 dubitationem
1874 3662 1972 3724 est
2000 3662 2292 3742 positum.
2340 3662 2456 3725 etsi
2506 3661 2674 3725 enim
2720 3660 2909 3725 editio

549 3764 661 3829 illa
704 3764 1059 3830 Parmensis
1104 3784 1158 3830 a.
1197 3764 1358 3829 1477
1390 3763 1696 3828 Politiani
1742 3763 2177 3828 collationibus
2225 3769 2287 3828 et
2333 3765 2498 3831 notis
2546 3769 2836 3829 exornata
2872 3783 2909 3827 a

548 3868 943 3934 bibliothecis
987 3867 1365 3933 Florentinis
1432 3868 1561 3931 iam
1627 3864 1706 3930 ab
1781 3866 2035 3931 ineunte
2091 3867 2212 3934 hoc
2267 3871 2506 3934 saeculo
2562 3869 2791 3949 exulat,
2837 3870 2909 3931 ut

549 3972 645 4035 vir
689 3971 1258 4051 praestantissimus
1303 3971 1382 4035 N.
1430 3971 1697 4034 Anziani
1758 3969 2025 4051 epistula
2093 3972 2172 4035 ad
2237 3990 2337 4036 me
2404 3973 2598 4056 missa
2660 3989 2908 4035 mecum

757 4221 821 4286 ²⁰)
876 4218 1229 4285 Gronovium‚
1288 4237 1316 4274 e
1371 4222 1521 4275 cuius
1575 4221 1931 4290 pugillaribus
1986 4237 2121 4290 quae
2167 4222 2271 4274 huc
2324 4220 2596 4274 faciebant
2652 4218 2909 4288 excerpsit

549 4303 925 4369 Frankfurter,
980 4322 1084 4359 non
1138 4308 1317 4360 omnia
1364 4309 1793 4377 transscripsisse
1838 4307 2008 4363 video.
2082 4305 2292 4361 Heinsii
2340 4304 2649 4374 apographa
2684 4321 2792 4358 non
2827 4304 2908 4358 in·

551 4392 730 4445 venire
765 4393 996 4461 contigit
1032 4393 1089 4446 in
1124 4395 1299 4463 amplo
1339 4398 1600 4463 apparatu
1637 4395 1752 4448 eius
1788 4395 1921 4448 item
1957 4394 2192 4449 Berolini
2226 4392 2517 4448 adservato.
