3371 5070
1517 426 1945 492 -30-

550 616 845 698 pendium
876 615 1193 680 variorum
1223 614 1712 680 medicaminum
1744 616 2051 694 conderet,
2077 633 2342 697 quorum
2361 614 2747 697 praefatione
2775 635 2920 698 pro-

547 720 753 801 posita
806 718 1081 801 primum
1138 735 1272 781 esse
1318 718 1516 782 voluit
1573 717 1873 803 aurium,
1919 717 2163 783 Pseudo
2182 716 2602 783 -Ovidianum
2659 717 2917 799 scilicet,

551 822 822 887 alterum
888 820 1098 903 facici.
1190 820 1379 902 atque
1442 820 1588 883 inde
1659 819 2005 903 explicatur
2063 818 2468 909 '‚,speculum“
2516 819 2710 901 illud,
2758 824 2922 913 quod

547 943 774 989 nomen
803 924 880 989 de
910 921 1351 1006 compendiolis
1382 922 1741 993 huiusmodi
1771 926 1921 995 tunc
1967 923 2449 995 usitatissimum
2477 923 2668 997 fuisse
2698 930 2920 999 notum

549 1030 673 1110 est;
706 1030 872 1092 certe
902 1026 1139 1108 speculi
1172 1026 1340 1090 notio
1372 1024 1622 1091 omnino
1652 1044 1779 1091 non
1812 1027 2079 1109 quadrat
2103 1027 2189 1097 ad
2214 1043 2308 1106 ea,
2332 1045 2489 1108 quae
2511 1025 2578 1098 in
2608 1030 2918 1111 poematio

547 1131 625 1199 de
662 1129 1082 1199 medicamine
1129 1129 1383 1195 aurium
1428 1130 1560 1193 toto
1607 1129 1976 1198 tractantur.

751 1250 844 1313 De
908 1249 1230 1317 codicibus
1288 1249 1475 1314 huius
1532 1248 1813 1346 familiae
1872 1267 2067 1314 unum
2134 1250 2251 1315 hoc
2317 1250 2586 1321 adiciam
2605 1302 2623 1335 ,
2650 1278 2657 1291 ’
2687 1252 2921 1325 uriom

545 1354 789 1419 vinculo
831 1354 1192 1421 coniunctos
1216 1371 1359 1418 esse
1403 1352 1494 1439 N¹
1514 1351 1597 1431 R,
1645 1371 1910 1433 quorum
1953 1352 2057 1417 hic
2099 1353 2341 1436 aliquot
2382 1355 2533 1423 locis
2578 1355 2919 1438 genuinam

443 1518 447 1527 .
543 1456 877 1522 lectionem
921 1475 1197 1522 servasse
1237 1456 1504 1521 videtur.

748 1560 1097 1642 Tamquam
1178 1558 1454 1625 medium
1524 1558 1694 1623 inter
1759 1557 1851 1623 M
1901 1559 1972 1623 et
2039 1558 2305 1626 alteram
2379 1579 2571 1642 quam
2637 1562 2913 1633 diximus

546 1662 858 1728 familiam
902 1666 1107 1729 locum
1136 1663 1422 1728 obtinent
1464 1662 1611 1727 libri
1658 1661 1716 1728 0
1723 1661 1800 1727 L.
1847 1662 1916 1727 ni
1953 1664 2126 1727 enim
2172 1683 2316 1732 cum
2361 1666 2724 1748 plerumque
2768 1683 2913 1737 cum

550 1764 641 1828 M
670 1765 933 1843 faciant,
1003 1768 1166 1830 unde
1202 1784 1310 1830 eos
1353 1767 1590 1848 primae
1634 1765 1917 1831 familiae
1965 1784 2107 1832 cum
2153 1767 2263 1832 illo
2307 1770 2632 1851 adscripsi,
2699 1768 2913 1839 tamon

538 1868 778 1951 *aliquot
824 1869 979 1935 locis
1024 1872 1205 1935 modo
1252 1870 1374 1947 hic,
1423 1870 1606 1941 modo
1655 1869 1785 1948 ille,
1832 1871 2013 1936 modo
2043 1872 2306 1954 uterque
2337 1872 2600 1936 alterius
2633 1871 2917 1941 familiae

542 1971 835 2041 lectiones
894 1992 926 2038 e
976 1975 1334 2039 contectura
1378 1973 1709 2056 profectae,
1735 1973 2048 2039 exhibent.
2096 1974 2172 2038 de
2217 1972 2275 2036 L
2303 1972 2724 2043 Baehrensius
2768 1976 2811 2039 1.
2860 1994 2912 2041 c.

544 2075 636 2139 sic
680 2076 931 2161 statuit,
956 2095 1108 2141 eum
1144 2076 1232 2142 ad
1264 2077 1537 2143 alterum
1567 2076 1797 2142 codicis
1829 2076 2154 2142 cuiusdam
2187 2075 2451 2156 antiqui,
2499 2077 2641 2157 post
2665 2073 2911 2146 Nucem
3047 2079 3052 2083 ’

544 2176 832 2242 libellum
881 2179 955 2243 de
1003 2179 1164 2243 med.
1193 2179 1235 2242 f.
1260 2179 1631 2262 exhibentis,
1678 2180 2107 2264 apographum
2147 2179 2370 2257 redire,
2432 2196 2574 2245 cum
2620 2179 2699 2243 M
2743 2197 2909 2248 num

541 2278 792 2360 quidem
823 2283 1295 2364 antiquissimus
1323 2282 1429 2361 sit,
1474 2282 1586 2364 qui
1630 2283 1817 2348 Μυκη
1853 2283 2298 2365 repraesentet.
2341 2301 2502 2365 quae
2544 2282 2911 2351 Baehrensii

532 2384 895 2449 :sententia
878 2405 942 2449 ιη
972 2404 1336 2450 um‘versum
1361 2386 1610 2467 quidem
1645 2385 1838 2451 etiam
1870 2385 2088 2464 libelli,
2115 2389 2191 2453 do
2227 2403 2346 2468 quo
2377 2386 2643 2471 agimus,
2690 2384 2910 2453 leone-

536 2485 723 2552 nibus
768 2489 1240 2573 comprobatur3
1286 2490 1521 2566 tamen,
1564 2490 1738 2572 quod
1769 2489 1913 2568 dixi,
1964 2488 2301 2556 manifesta
2346 2489 2414 2554 in
2459 2487 2517 2554 L
2559 2488 2911 2571 deprehen-

540 2590 776 2656 duntur
821 2594 884 2656 et
929 2592 1191 2657 alterius
1246 2593 1525 2658 familiae
1584 2593 1931 2658 lectionum
1995 2595 2059 2657 et
2113 2610 2337 2658 manus
2385 2591 2671 2658 consulto
2718 2592 2910 2662 corii·-

540 2694 747 2777 gentis
791 2695 1081 2779 vestigia.

746 2798 1052 2862 Iudicium
1075 2800 1284 2880 pau-llo
1316 2800 1540 2865 melius
1565 2799 1727 2865 ferre
1750 2800 1901 2863 licet
1933 2799 2010 2863 de
2037 2796 2107 2867 G.
2139 2797 2260 2862 Hic
2292 2798 2480 2874 enim,
2507 2798 2614 2879 qui
2638 2798 2913 2879 plerum-

539 2920 656 2982 que
703 2920 836 2965 cum
885 2901 974 2964 M
1008 2902 1192 2980 facit,
1238 2903 1392 2969 locis
1436 2922 1561 2968 non
1603 2903 1702 2967 ita
1747 2900 1970 2966 multis
2025 2900 2099 2964 ut
2152 2899 2210 2963 L
2266 2898 2612 2983 singularia
2651 2903 2910 2981 praebet

540 3007 603 3068 et
626 3004 930 3069 *lectiones
960 3005 1172 3070 illatas
1205 3024 1274 3070 ex
1296 3007 1559 3071 alterius
1584 3005 1865 3070 familiae
1888 3003 2066 3070 libris
2085 3002 2519 3080 deterioribus,
2539 3004 2909 3087 quibuscum

539 3107 598 3170 ei
642 3108 831 3172 etiam
877 3108 1460 3174 Pseudo-Ovidiana
1511 3108 1626 3173 illa
1671 3108 1747 3172 dc
1795 3105 2037 3186 Paliae,
2084 3108 2159 3174 de
2202 3107 2619 3174 Mirabilibus
2661 3109 2907 3186 mundi,

536 3210 611 3273 de
659 3210 1087 3276 Medicamine
1142 3212 1402 3275 aurium
1456 3214 1603 3275 sunt
1652 3212 2041 3288 communia,
2086 3212 2257 3276 istud
2313 3211 2566 3295 quidem
2611 3213 2753 3294 post
2796 3211 2904 3275 lib.

539 3313 613 3380 de
659 3315 819 3382 med.
862 3314 907 3382 s.
955 3318 1299 3382 exaratum.

742 3417 875 3498 Quo
919 3418 1164 3483 facilius
1193 3419 1404 3482 autem
1435 3417 1632 3500 possit
1663 3420 1968 3501 cognosci,
2003 3437 2160 3501 quae
2191 3419 2347 3483 ratio
2387 3420 2575 3501 atque
2599 3416 2903 3488 adfinitas

537 3520 884 3585 intercedat
913 3523 1080 3587 inter
1110 3520 1202 3586 M
1207 3519 1262 3586 G
1276 3520 1334 3584 L
1357 3523 1422 3585 et
1446 3523 1713 3586 alteram
1740 3523 2028 3586 codicum
2053 3520 2384 3605 familiam,
2417 3519 2569 3586 haec
2592 3520 2906 3603 subiungo

537 3627 983 3706 scripturarum
1050 3625 1332 3706 exempla
1397 3623 1635 3706 (littera
1680 3646 1722 3689 σ
1771 3630 1881 3689 aut
1928 3642 2141 3688 omnes
2188 3625 2297 3689 aut
2342 3624 2583 3714 aliquot
2649 3623 2906 3688 alterius

540 3727 818 3793 familiae
852 3730 1089 3793 codices
1122 3728 1576 3810 significantur,
1607 3728 1907 3793 lectiones
1955 3728 2254 3811 genuinae
2299 3729 2534 3793 litteris
2567 3727 2904 3811 diductis):

538 3866 594 3911 v.
690 3850 725 3913 7
774 3850 999 3914 culta
1044 3847 1283 3914 MLo:
1334 3848 1542 3913 Multa
1587 3846 1644 3913 0

537 3971 593 4016 v-
646 3954 720 4016 11
771 3956 946 4018 tanto
998 3949 1180 4015 ML:
1227 3951 1386 4014 ratio
1440 3950 1508 4031 (i.
1553 3971 1600 4017 e.
1647 3950 1864 4016 tatio
1910 3950 2072 4031 quod
2117 3953 2181 4032 σ)
2237 3950 2294 4017 0

541 4076 599 4120 v.
650 4057 725 4119 17
774 4059 1068 4119 matres
1114 4055 1439 4120 teneras
1490 4053 1751 4120 MGB:
1803 4056 2049 4120 teneras
2098 4058 2328 4121 matres
2373 4056 2488 4120 Lo

537 4177 594 4221 v.
646 4160 723 4223 17
771 4176 1145 4240 peperere
1198 4157 1429 4224 Meo:
1477 4178 1771 4240 paravere
1817 4157 1875 4221 L

537 4280 594 4325 v.
647 4261 726 4325 18
774 4264 992 4325 ueste
1044 4260 1130 4323 M
1142 4258 1273 4325 Co:
1324 4265 1532 4326 uestra
1577 4262 1684 4346 (sc.
1739 4264 2014 4346 corpora)
2067 4261 2125 4325 L

540 4385 599 4430 v.
651 4365 730 4429 19
775 4362 1006 4445 positos
1056 4363 1233 4429 MC:
1281 4366 1486 4446 posito
1533 4365 1622 4431 L:
1669 4367 1945 4449 positu
1991 4386 2033 4432 σ

538 4486 594 4531 v.
644 4466 721 4530 21
772 4467 1072 4531 stridente
1120 4466 1384 4533 MGB:
1433 4470 1708 4534 tridente
1753 4467 1840 4533 L:
1890 4471 2195 4534 oriente
2240 4489 2282 4532 σ
