3371 5070
1442 433 1875 497 -28-

472 619 809 702 probabilis
840 619 992 684 haec
1039 620 1221 684 lectio
1270 606 1603 701 archetypo
1650 638 1731 684 an
1777 621 2101 685 correctori
2146 620 2460 697 debeatur,
2507 617 2644 684 iure
2689 619 2838 685 licet

468 725 773 791 dubitare.
819 724 1173 803 lectionum,
1206 742 1362 806 quae
1391 743 1647 789 manum
1687 726 2093 810 corrigentem
2128 726 2412 808 produnt,
2463 723 2614 787 haec
2646 723 2836 790 affero

469 827 812 910 specimina
866 827 981 905 ita,
1039 828 1111 891 ut
1155 827 1384 892 litteris
1448 828 1723 893 diductis
1790 829 2167 912 scripturam
2241 829 2575 911 genuinam
2642 827 2835 910 signi-

466 929 649 996 ficem
664 928 779 1007 ⁹²):

468 1079 524 1125 v.
571 1060 615 1123 4
657 1060 920 1124 semina:
965 1076 1282 1123 munera
1330 1057 1440 1140 Μ,

467 1182 525 1227 v.
577 1161 679 1247 17,
724 1162 826 1240 24,
872 1161 956 1227 35
1012 1162 1287 1243 nostrae,
1338 1164 1577 1239 nostra,
1640 1179 1778 1226 nos:
1841 1163 2176 1239 vestrae,
2226 1162 2521 1242 vestra,
2567 1179 2675 1227 vos
2723 1160 2833 1237 M;

465 1282 527 1329 v.
582 1266 658 1329 17
707 1264 953 1329 teneras
985 1265 1218 1328 matres
1249 1264 1845 1347 pepererepuellas:
1878 1264 2170 1329 matres
2199 1265 2515 1329 teneras
2546 1284 2606 1348 p.
2640 1284 2697 1347 p.
2720 1264 2803 1328 M
2817 1288 2833 1347 3

466 1393 520 1435 v.
563 1369 650 1434 20
695 1367 1053 1449 conspicuas
1099 1385 1358 1432 manus:
1407 1366 1907 1450 conspicuam
1954 1384 2260 1431 manum
2309 1367 2419 1444 M;

465 1494 518 1540 v.
572 1471 649 1536 21
699 1470 935 1552 lapides
960 1469 1550 1551 orienteparatos21.
1567 1470 1868 1535 stridente
1886 1471 2012 1549 (i.e.
2040 1471 2368 1554 oriente)
2406 1469 2830 1553 petitosM3

466 1597 523 1642 v.
571 1576 655 1640 23
700 1592 849 1639 non:
897 1592 1043 1638 nec
1091 1573 1203 1657 M3

451 1699 525 1745 -v.
574 1678 655 1742 27
705 1677 1026 1759 [paret...
1084 1677 1442 1742 venereturz
1488 1679 1775 1759 parent
1819 1679 2293 1743 venerentur
2340 1678 2486 1760 M];

467 1801 526 1847 v.
572 1781 655 1846 29
700 1780 866 1858 illos,
918 1799 968 1844 v,
1019 1780 1105 1843 30
1148 1781 1380 1845 cultos:
1427 1780 1662 1859 illas,
1713 1782 1966 1846 cultas
2018 1781 2126 1859 M;

469 1903 527 1948 v.
574 1884 658 1948 39
705 1882 1074 1948 scinduntur
1116 1882 1199 1968 (et
1243 1882 1433 1964 alia):
1482 1883 1906 1949 finduntur
1955 1884 2062 1962 M;

468 2005 528 2053 v.
578 1987 661 2051 70
704 1984 1070 2070 frugiferae:
1116 1986 1319 2070 frige
1369 1986 1495 2051 fere
1549 1985 1638 2048 M
1648 2009 1675 2062 3,

466 2108 525 2154 v.
578 2088 657 2152 77
705 2090 812 2153 da:
861 2089 944 2153 de
991 2087 1209 2170 ΜΘ),

464 2212 564 2260 vv.
611 2193 694 2259 99
738 2210 828 2275 sq.
874 2192 1099 2257 varia:
1148 2193 1619 2258 contereret.
1669 2193 2201 2274 illineretque
2249 2190 2359 2269 M;

671 2321 789 2388 Sed
855 2340 997 2385 cum
1060 2322 1178 2387 hae
1238 2321 1580 2405 scripturae
1620 2322 2062 2407 ‘complurium
2122 2324 2485 2404 plerumque
2547 2321 2829 2386 codicum

472 2425 600 2490 sint
629 2443 1005 2506 communeS‚
1050 2426 1403 2491 audaciores
1436 2427 1628 2491 etiam
1659 2428 1726 2490 in
1758 2428 2022 2508 singulis
2056 2428 2305 2492 exstant
2350 2446 2382 2491 e
2426 2424 2828 2492 librariorum

472 2526 730 2594 arbitrio
757 2526 989 2612 illatae,
1006 2530 1068 2592 et
1093 2528 1200 2610 qui
1224 2530 1538 2613 hucusque
1555 2529 1831 2611 optimus
1857 2528 2200 2594 habebatur
2212 2528 2329 2615 N„
2346 2529 2412 2593 in
2436 2526 2830 2611 suspectissi-

466 2650 712 2696 morum
768 2649 1024 2695 numero
1072 2631 1166 2695 est
1209 2631 1554 2710 habendus,
1616 2636 1688 2697 ut
1745 2632 1851 2716 qui
1909 2649 2031 2696 non
2092 2633 2294 2696 solum
2352 2651 2451 2714 ea,
2511 2649 2665 2712 quae
2720 2631 2827 2695 ad-

465 2735 706 2817 scripsi,
755 2736 964 2799 omnia
1007 2736 1230 2801 habeat
1260 2741 1563 2819 corrupta,
1613 2738 1724 2802 sed
1770 2739 1892 2801 alia
1923 2738 2112 2801 etiam
2143 2734 2506 2817 singularia,
2540 2736 2613 2799 ut
2641 2734 2825 2801 haec:

462 2889 512 2927 v.
585 2878 616 2927 3
653 2871 882 2942 pandere
909 2889 1018 2941 pro
1052 2873 1288 2943 pendere,

464 2975 515 3014 v.
558 2964 618 3011 11
658 2958 865 3027 puellae
892 2975 1002 3028 pro
1038 2958 1283 3026 Sabinae,

462 3061 512 3102 v.
553 3050 615 3097 13
653 3044 839 3098 sedens
878 3045 1128 3114 (propter
1165 3046 1349 3116 sedile)
1379 3061 1488 3114 pro
1524 3060 1785 3115 premenS,

460 3147 509 3184 v.
547 3136 613 3185 26
653 3132 727 3183 At
766 3133 920 3198 (Aut)
953 3147 1058 3200 pro
1095 3133 1182 3199 Et,

461 3233 510 3270 v.
549 3222 613 3271 27
652 3219 849 3287 quique
880 3236 989 3288 pro
1026 3236 1283 3289 quaeque,

462 3318 513 3355 v.
551 3307 618 3355 29
654 3303 982 3374 fugiuntque
1012 3321 1117 3373 pro
1152 3306 1501 3373 finguntque,
1553 3304 1674 3367 (etsi
1708 3303 1853 3358 illud
1888 3319 2044 3358 error
2079 3303 2393 3357 walaticius
2429 3318 2539 3357 esse
2567 3303 2789 3371 potest),

461 3404 512 3441 v.
550 3393 615 3443 32
652 3389 824 3444 forma
860 3406 1063 3459 suaque
1100 3395 1257 3460 grata
1292 3394 1372 3444 est
1399 3405 1508 3458 pro
1544 3394 1804 3459 grataque
1843 3390 2013 3444 forma
2049 3405 2146 3443 sua
2179 3391 2263 3441 est
2299 3390 2472 3456 (suast
2507 3389 2616 3454 M),

462 3489 512 3526 v.
550 3478 613 3525 61
654 3473 741 3529 Sic
775 3492 876 3545 age
907 3493 1010 3545 pro
1048 3478 1147 3530 Dic
1183 3493 1297 3546 age,

465 3576 513 3613 v.
552 3566 613 3614 61
655 3560 930 3616 dimiserat
957 3579 1068 3631 pro
1104 3562 1388 3623 dimiserit,

675 3797 738 3863 ²²)
776 3792 927 3859 Quod
964 3791 1198 3860 singulis
1237 3790 1368 3844 locis
1403 3807 1514 3844 non
1551 3807 1730 3844 omnes
1765 3791 1930 3844 huius
1977 3790 2216 3845 familiae
2270 3791 2399 3845 libri
2453 3792 2510 3845 in
2561 3792 2826 3859 scriptura

465 3882 674 3933 mutata
709 3879 1069 3942 consentiunt,
1104 3893 1211 3930 non
1248 3876 1448 3942 obstat,
1487 3878 1774 3945 quominus
1811 3892 1991 3931 omnes
2028 3876 2097 3930 ad
2132 3877 2276 3931 idem
2313 3879 2596 3946 exemplar,
2644 3892 2822 3931 recen-

463 3966 632 4019 situm
679 3966 909 4029 scilicet,
967 3963 1138 4017 redire
1187 3965 1507 4016 statuamus.
1578 3964 1780 4018 etenim
1835 3964 1882 4017 si
1919 3980 2057 4017 unus
2093 3964 2291 4018 alterve
2328 3965 2416 4018 hic
2451 3963 2566 4017 illic
2601 3979 2724 4018 cum
2755 3961 2833 4016 M

462 4052 608 4115 facit,
647 4054 787 4105 certe
821 4049 952 4104 locis
988 4049 1160 4103 multo
1196 4049 1441 4117 pluribus
1477 4049 1760 4104 lectionem
1797 4067 1825 4104 e
1861 4050 2160 4105 coniectura
2196 4052 2426 4120 petitam
2463 4048 2706 4116 exhibet,
2744 4049 2824 4101 ita

465 4141 528 4192 ut
564 4139 613 4191 ei
648 4138 776 4191 fides
815 4136 923 4189 fere
960 4135 1111 4188 nulla
1147 4136 1222 4188 sit
1256 4135 1560 4189 tribuenda.
1601 4136 1715 4190 sine
1758 4136 1918 4190 dubio
1944 4137 2007 4200 is,
2045 4137 2139 4205 qui
2176 4139 2384 4191 textum
2420 4134 2823 4190 retractandum
2899 4159 2902 4160 ⁷

465 4225 724 4292 suscepit,
779 4239 992 4277 munere
1029 4239 1122 4276 suo
1158 4222 1395 4278 infausto
1448 4227 1527 4276 ita
1561 4223 1781 4279 functus
1818 4228 1927 4288 est,
1981 4227 2045 4278 ut
2091 4226 2290 4292 passim
2328 4223 2593 4290 scriptura
2629 4222 2694 4276 de
2727 4238 2823 4276 suo

460 4310 616 4363 illata
650 4311 744 4363 aut
776 4309 915 4378 quod
951 4310 1241 4378 genuinum
1278 4309 1456 4364 fuerat
1494 4312 1900 4380 superscriberet
1937 4312 2018 4365 vel
2056 4310 2397 4364 adscriberet.
2447 4311 2543 4362 aut
2579 4308 2823 4371 invicem,

464 4395 546 4449 ita
581 4400 644 4449 ut
681 4394 918 4449 librariis
943 4396 1066 4449 inde
1091 4395 1519 4451 describentibus
1555 4397 1783 4451 liberum
1819 4399 1958 4452 esset
1993 4396 2229 4465 eligendi
2266 4394 2556 4457 iudicium3
2592 4410 2821 4463 quorum

464 4482 556 4550 qni
591 4481 891 4549 religiosior
929 4485 1070 4547 erat,
1110 4486 1396 4552 utrumque
1430 4483 1865 4538 transscribebat.
