<?xml version="1.0" encoding="UTF-8"?>
<!DOCTYPE html PUBLIC "-//W3C//DTD XHTML 1.0 Transitional//EN"
    "http://www.w3.org/TR/xhtml1/DTD/xhtml1-transitional.dtd">
<html xmlns="http://www.w3.org/1999/xhtml" xml:lang="en" lang="en">
 <head>
  <title>
</title>
<meta http-equiv="Content-Type" content="text/html;charset=utf-8" />
  <meta name='ocr-system' content='tesseract 3.04.00' />
  <meta name='ocr-capabilities' content='ocr_page ocr_carea ocr_par ocr_line ocrx_word'/>
</head>
<body>
  <div class='ocr_page' id='page_1' title='image "./povidiinasonisl01kunzgoog_0079.png"; bbox 0 0 3371 5070; ppageno 0'>
   <div class='ocr_carea' id='block_1_1' title="bbox 1440 458 1865 523">
    <p class='ocr_par' dir='ltr' id='par_1_1' title="bbox 1440 458 1865 523">
     <span class='ocr_line' id='line_1_1' title="bbox 1440 458 1865 523; baseline 0.007 -19"><span class='ocrx_word' id='word_1_1' title='bbox 1440 458 1865 523; x_wconf 78' lang='grc'><em>..69-</em></span> 
     </span>
    </p>
   </div>
   <div class='ocr_carea' id='block_1_2' title="bbox 785 641 2403 832">
    <p class='ocr_par' dir='ltr' id='par_1_2' title="bbox 785 641 2403 832">
     <span class='ocr_line' id='line_1_2' title="bbox 785 641 2403 730; baseline 0.004 -25"><span class='ocrx_word' id='word_1_2' title='bbox 785 641 876 705; x_wconf 88' lang='lat' dir='ltr'><em>Et</em></span> <span class='ocrx_word' id='word_1_3' title='bbox 919 663 1338 725; x_wconf 77' lang='lat' dir='ltr'><em>quaecumque</em></span> <span class='ocrx_word' id='word_1_4' title='bbox 1370 646 1600 727; x_wconf 79' lang='lat' dir='ltr'><em>procul</em></span> <span class='ocrx_word' id='word_1_5' title='bbox 1643 647 1960 712; x_wconf 73' lang='lat' dir='ltr'><em>venientia</em></span> <span class='ocrx_word' id='word_1_6' title='bbox 2007 648 2204 713; x_wconf 75' lang='lat' dir='ltr'><em>lintea</em></span> <span class='ocrx_word' id='word_1_7' title='bbox 2248 648 2403 730; x_wconf 79' lang='lat' dir='ltr'><em>vidi,</em></span> 
     </span>
     <span class='ocr_line' id='line_1_3' title="bbox 886 744 2289 832; baseline 0.005 -24"><span class='ocrx_word' id='word_1_8' title='bbox 886 744 1195 811; x_wconf 75' lang='lat' dir='ltr'><em>Protinus</em></span> <span class='ocrx_word' id='word_1_9' title='bbox 1241 748 1362 812; x_wconf 82' lang='lat' dir='ltr'><em>illa</em></span> <span class='ocrx_word' id='word_1_10' title='bbox 1405 767 1570 812; x_wconf 82' lang='lat' dir='ltr'><em>meos</em></span> <span class='ocrx_word' id='word_1_11' title='bbox 1613 769 1900 832; x_wconf 74' lang='lat' dir='ltr'><em>aayuror</em></span> <span class='ocrx_word' id='word_1_12' title='bbox 1941 769 2066 813; x_wconf 82' lang='lat' dir='ltr'><em>esse</em></span> <span class='ocrx_word' id='word_1_13' title='bbox 2111 751 2289 829; x_wconf 85' lang='lat' dir='ltr'><em>deos;</em></span> 
     </span>
    </p>
   </div>
   <div class='ocr_carea' id='block_1_3' title="bbox 684 863 1235 934">
    <p class='ocr_par' dir='ltr' id='par_1_3' title="bbox 684 863 1235 934">
     <span class='ocr_line' id='line_1_4' title="bbox 684 863 1235 934; baseline 0.005 -7"><span class='ocrx_word' id='word_1_14' title='bbox 684 863 832 932; x_wconf 84' lang='lat' dir='ltr'><em>Her.</em></span> <span class='ocrx_word' id='word_1_15' title='bbox 880 867 1031 932; x_wconf 90' lang='lat' dir='ltr'><em>XVI</em></span> <span class='ocrx_word' id='word_1_16' title='bbox 1075 867 1235 934; x_wconf 82' lang='lat'>215:</span> 
     </span>
    </p>
   </div>
   <div class='ocr_carea' id='block_1_4' title="bbox 787 970 2399 1143">
    <p class='ocr_par' dir='ltr' id='par_1_4' title="bbox 787 970 2399 1143">
     <span class='ocr_line' id='line_1_5' title="bbox 787 970 2399 1054; baseline 0.003 -22"><span class='ocrx_word' id='word_1_17' title='bbox 787 970 1170 1051; x_wconf 76' lang='lat' dir='ltr'><em>Quicumque</em></span> <span class='ocrx_word' id='word_1_18' title='bbox 1214 971 1452 1035; x_wconf 86' lang='lat' dir='ltr'><em>Iliacos</em></span> <span class='ocrx_word' id='word_1_19' title='bbox 1493 972 1831 1037; x_wconf 74' lang='lat' dir='ltr'><em>intraverit</em></span> <span class='ocrx_word' id='word_1_20' title='bbox 1875 973 2119 1037; x_wconf 79' lang='lat' dir='ltr'><em>advena</em></span> <span class='ocrx_word' id='word_1_21' title='bbox 2151 977 2399 1054; x_wconf 71' lang='lat' dir='ltr'><em>portus,</em></span> 
     </span>
     <span class='ocr_line' id='line_1_6' title="bbox 888 1073 2130 1143; baseline 0.006 -8"><span class='ocrx_word' id='word_1_22' title='bbox 888 1073 960 1136; x_wconf 84' lang='lat' dir='ltr'><em>Is</em></span> <span class='ocrx_word' id='word_1_23' title='bbox 1003 1073 1118 1137; x_wconf 87' lang='lat' dir='ltr'><em>tibi</em></span> <span class='ocrx_word' id='word_1_24' title='bbox 1161 1073 1419 1138; x_wconf 82' lang='lat' dir='ltr'><em>solliciti</em></span> <span class='ocrx_word' id='word_1_25' title='bbox 1467 1093 1659 1139; x_wconf 79' lang='lat' dir='ltr'><em>caasa</em></span> <span class='ocrx_word' id='word_1_26' title='bbox 1704 1076 1952 1140; x_wconf 82' lang='lat' dir='ltr'><em>timoris</em></span> <span class='ocrx_word' id='word_1_27' title='bbox 1994 1077 2130 1143; x_wconf 87' lang='lat' dir='ltr'><em>erit.</em></span> 
     </span>
    </p>
   </div>
   <div class='ocr_carea' id='block_1_5' title="bbox 682 1178 2090 1483">
    <p class='ocr_par' dir='ltr' id='par_1_5' title="bbox 682 1178 2090 1483">
     <span class='ocr_line' id='line_1_7' title="bbox 682 1178 1472 1260; baseline 0.003 -5"><span class='ocrx_word' id='word_1_28' title='bbox 682 1191 826 1256; x_wconf 87' lang='lat' dir='ltr'><em>Hor.</em></span> <span class='ocrx_word' id='word_1_29' title='bbox 874 1211 1059 1258; x_wconf 86' lang='lat' dir='ltr'><em>carm.</em></span> <span class='ocrx_word' id='word_1_30' title='bbox 1109 1194 1211 1258; x_wconf 91' lang='lat' dir='ltr'><em>III</em></span> <span class='ocrx_word' id='word_1_31' title='bbox 1256 1195 1314 1260; x_wconf 84' lang='lat'><em>3.</em></span> <span class='ocrx_word' id='word_1_32' title='bbox 1359 1178 1472 1258; x_wconf 67' lang='lat'><em>533</em></span> 
     </span>
     <span class='ocr_line' id='line_1_8' title="bbox 786 1296 2090 1378; baseline 0.004 -20"><span class='ocrx_word' id='word_1_33' title='bbox 786 1296 1170 1377; x_wconf 75' lang='lat' dir='ltr'><em>Quicumque</em></span> <span class='ocrx_word' id='word_1_34' title='bbox 1213 1298 1450 1362; x_wconf 76' lang='lat' dir='ltr'><em>mundo</em></span> <span class='ocrx_word' id='word_1_35' title='bbox 1493 1299 1802 1364; x_wconf 73' lang='lat' dir='ltr'><em>terminiis</em></span> <span class='ocrx_word' id='word_1_36' title='bbox 1846 1298 2090 1378; x_wconf 85' lang='lat' dir='ltr'><em>obstitit,</em></span> 
     </span>
     <span class='ocr_line' id='line_1_9' title="bbox 783 1399 1512 1483; baseline 0.001 -20"><span class='ocrx_word' id='word_1_37' title='bbox 783 1399 980 1464; x_wconf 72' lang='lat' dir='ltr'><em>Hune</em></span> <span class='ocrx_word' id='word_1_38' title='bbox 1025 1405 1248 1483; x_wconf 72' lang='lat' dir='ltr'><em>tanyat</em></span> <span class='ocrx_word' id='word_1_39' title='bbox 1293 1403 1512 1466; x_wconf 83' lang='lat' dir='ltr'><em>armis.</em></span> 
     </span>
    </p>
   </div>
   <div class='ocr_carea' id='block_1_6' title="bbox 684 1517 2069 1708">
    <p class='ocr_par' dir='ltr' id='par_1_6' title="bbox 684 1517 2069 1708">
     <span class='ocr_line' id='line_1_10' title="bbox 684 1517 1422 1587; baseline 0.011 -8"><span class='ocrx_word' id='word_1_40' title='bbox 684 1517 853 1582; x_wconf 90' lang='lat' dir='ltr'><em>idem</em></span> <span class='ocrx_word' id='word_1_41' title='bbox 900 1518 1023 1585; x_wconf 88' lang='lat' dir='ltr'><em>Sat.</em></span> <span class='ocrx_word' id='word_1_42' title='bbox 1072 1520 1107 1583; x_wconf 97' lang='grc' dir='ltr'>Ι</span> <span class='ocrx_word' id='word_1_43' title='bbox 1152 1521 1211 1583; x_wconf 92' lang='grc'><em>4.</em></span> <span class='ocrx_word' id='word_1_44' title='bbox 1266 1522 1422 1587; x_wconf 81' lang='lat'>129:</span> 
     </span>
     <span class='ocr_line' id='line_1_11' title="bbox 1091 1621 2069 1708; baseline 0.004 -22"><span class='ocrx_word' id='word_1_45' title='bbox 1091 1621 1202 1687; x_wconf 80' lang='lat' dir='ltr'><em>Eoe</em></span> <span class='ocrx_word' id='word_1_46' title='bbox 1246 1624 1354 1688; x_wconf 78' lang='lat' dir='ltr'><em>hoe</em></span> <span class='ocrx_word' id='word_1_47' title='bbox 1397 1644 1501 1706; x_wconf 73' lang='grc'><em>690</em></span> <span class='ocrx_word' id='word_1_48' title='bbox 1547 1644 1745 1689; x_wconf 70' lang='lat' dir='ltr'><em>sarias</em></span> <span class='ocrx_word' id='word_1_49' title='bbox 1790 1625 1868 1689; x_wconf 88' lang='lat' dir='ltr'><em>ab</em></span> <span class='ocrx_word' id='word_1_50' title='bbox 1912 1625 2069 1708; x_wconf 74' lang='lat' dir='ltr'><em>illie,</em></span> 
     </span>
    </p>
   </div>
   <div class='ocr_carea' id='block_1_7' title="bbox 781 1724 2060 1894">
    <p class='ocr_par' dir='ltr' id='par_1_7' title="bbox 781 1724 2060 1894">
     <span class='ocr_line' id='line_1_12' title="bbox 781 1724 2060 1811; baseline 0.006 -21"><span class='ocrx_word' id='word_1_51' title='bbox 781 1724 1141 1793; x_wconf 76' lang='lat' dir='ltr'><em>Perniciem</em></span> <span class='ocrx_word' id='word_1_52' title='bbox 1187 1749 1602 1811; x_wconf 79' lang='lat' dir='ltr'><em>quaecamque</em></span> <span class='ocrx_word' id='word_1_53' title='bbox 1644 1730 1860 1811; x_wconf 78' lang='lat' dir='ltr'><em>ferunt</em></span> <span class='ocrx_word' id='word_1_54' title='bbox 1873 1781 2060 1798; x_wconf 92' lang='grc'><strong>.....</strong></span> 
     </span>
     <span class='ocr_line' id='line_1_13' title="bbox 799 1829 1309 1894; baseline 0.006 -3"><span class='ocrx_word' id='word_1_55' title='bbox 799 1829 1041 1893; x_wconf 82' lang='lat' dir='ltr'><em>..vitiis</em></span> <span class='ocrx_word' id='word_1_56' title='bbox 1088 1834 1309 1894; x_wconf 78' lang='lat' dir='ltr'><em>teneor.</em></span> 
     </span>
    </p>
   </div>
   <div class='ocr_carea' id='block_1_8' title="bbox 470 1948 2839 3812">
    <p class='ocr_par' dir='ltr' id='par_1_8' title="bbox 470 1948 2834 2858">
     <span class='ocr_line' id='line_1_14' title="bbox 679 1948 2827 2037; baseline 0.003 -26"><span class='ocrx_word' id='word_1_57' title='bbox 679 1948 883 2032; x_wconf 87' lang='lat' dir='ltr'><em>Magis</em></span> <span class='ocrx_word' id='word_1_58' title='bbox 929 1950 1164 2015; x_wconf 88' lang='lat' dir='ltr'><em>usitata</em></span> <span class='ocrx_word' id='word_1_59' title='bbox 1211 1953 1306 2015; x_wconf 88' lang='lat' dir='ltr'><em>est</em></span> <span class='ocrx_word' id='word_1_60' title='bbox 1350 1952 1501 2017; x_wconf 89' lang='lat' dir='ltr'><em>haec</em></span> <span class='ocrx_word' id='word_1_61' title='bbox 1530 1952 1969 2022; x_wconf 65' lang='lat' dir='ltr'><em>conformatioz</em></span> <span class='ocrx_word' id='word_1_62' title='bbox 2015 1953 2073 2016; x_wconf 85' lang='lat' dir='ltr'><em>si</em></span> <span class='ocrx_word' id='word_1_63' title='bbox 2119 1952 2289 2032; x_wconf 77' lang='lat' dir='ltr'><em>quis,</em></span> <span class='ocrx_word' id='word_1_64' title='bbox 2317 2003 2372 2015; x_wconf 89' lang='lat'><em>..</em></span> <span class='ocrx_word' id='word_1_65' title='bbox 2418 1951 2530 2016; x_wconf 84' lang='lat' dir='ltr'><em>ille</em></span> <span class='ocrx_word' id='word_1_66' title='bbox 2566 1953 2827 2037; x_wconf 82' lang='lat' dir='ltr'><em>(Reisig,</em></span> 
     </span>
     <span class='ocr_line' id='line_1_15' title="bbox 476 2051 2822 2137; baseline 0.003 -24"><span class='ocrx_word' id='word_1_67' title='bbox 476 2052 645 2115; x_wconf 89' lang='lat' dir='ltr'><em>Vorl.</em></span> <span class='ocrx_word' id='word_1_68' title='bbox 694 2051 786 2115; x_wconf 88' lang='lat' dir='ltr'><em>ed.</em></span> <span class='ocrx_word' id='word_1_69' title='bbox 835 2054 1037 2117; x_wconf 81' lang='lat' dir='ltr'>Haase</span> <span class='ocrx_word' id='word_1_70' title='bbox 1082 2075 1140 2137; x_wconf 87' lang='lat' dir='ltr'><em>p.</em></span> <span class='ocrx_word' id='word_1_71' title='bbox 1189 2056 1381 2136; x_wconf 83' lang='lat'>360):</span> <span class='ocrx_word' id='word_1_72' title='bbox 1439 2056 1576 2121; x_wconf 82' lang='lat' dir='ltr'><em>Tib.</em></span> <span class='ocrx_word' id='word_1_73' title='bbox 1622 2055 1655 2118; x_wconf 91' lang='lat' dir='ltr'>I</span> <span class='ocrx_word' id='word_1_74' title='bbox 1701 2056 1762 2119; x_wconf 92' lang='grc'><em>2.</em></span> <span class='ocrx_word' id='word_1_75' title='bbox 1815 2056 1932 2134; x_wconf 84' lang='grc'><em>39;</em></span> <span class='ocrx_word' id='word_1_76' title='bbox 1982 2057 2137 2119; x_wconf 87' lang='lat' dir='ltr'><em>adde</em></span> <span class='ocrx_word' id='word_1_77' title='bbox 2181 2054 2294 2121; x_wconf 83' lang='lat' dir='ltr'><em>Ov.</em></span> <span class='ocrx_word' id='word_1_78' title='bbox 2342 2056 2490 2131; x_wconf 89' lang='lat' dir='ltr'><em>Met.</em></span> <span class='ocrx_word' id='word_1_79' title='bbox 2540 2055 2631 2122; x_wconf 92' lang='lat' dir='ltr'><em>IX</em></span> <span class='ocrx_word' id='word_1_80' title='bbox 2672 2057 2822 2135; x_wconf 84' lang='lat'>463,</span> 
     </span>
     <span class='ocr_line' id='line_1_16' title="bbox 471 2154 2827 2240; baseline 0.003 -22"><span class='ocrx_word' id='word_1_81' title='bbox 471 2154 648 2219; x_wconf 84' lang='lat' dir='ltr'><em>Rem.</em></span> <span class='ocrx_word' id='word_1_82' title='bbox 718 2175 839 2221; x_wconf 88' lang='lat' dir='ltr'><em>am.</em></span> <span class='ocrx_word' id='word_1_83' title='bbox 906 2156 1003 2219; x_wconf 89' lang='lat'><em>14.</em></span> <span class='ocrx_word' id='word_1_84' title='bbox 1095 2159 1300 2237; x_wconf 88' lang='lat' dir='ltr'><em>potest</em></span> <span class='ocrx_word' id='word_1_85' title='bbox 1367 2158 1558 2221; x_wconf 89' lang='lat' dir='ltr'><em>etiam</em></span> <span class='ocrx_word' id='word_1_86' title='bbox 1626 2159 1691 2222; x_wconf 90' lang='lat' dir='ltr'><em>in</em></span> <span class='ocrx_word' id='word_1_87' title='bbox 1760 2158 2286 2240; x_wconf 73' lang='lat' dir='ltr'><em>comparationem</em></span> <span class='ocrx_word' id='word_1_88' title='bbox 2353 2159 2556 2224; x_wconf 88' lang='lat' dir='ltr'><em>vocari</em></span> <span class='ocrx_word' id='word_1_89' title='bbox 2636 2161 2827 2225; x_wconf 87' lang='lat' dir='ltr'><em>dictio</em></span> 
     </span>
     <span class='ocr_line' id='line_1_17' title="bbox 471 2257 2829 2345; baseline 0.004 -27"><span class='ocrx_word' id='word_1_90' title='bbox 471 2257 629 2336; x_wconf 78' lang='lat' dir='ltr'><em>qai.</em></span> <span class='ocrx_word' id='word_1_91' title='bbox 668 2305 680 2319; x_wconf 90' lang='lat'><em>.</em></span> <span class='ocrx_word' id='word_1_92' title='bbox 716 2305 730 2319; x_wconf 97' lang='lat'><em>.</em></span> <span class='ocrx_word' id='word_1_93' title='bbox 762 2309 776 2322; x_wconf 91' lang='lat'><em>.</em></span> <span class='ocrx_word' id='word_1_94' title='bbox 823 2257 932 2321; x_wconf 86' lang='lat' dir='ltr'><em>ille</em></span> <span class='ocrx_word' id='word_1_95' title='bbox 977 2276 1154 2340; x_wconf 80' lang='lat' dir='ltr'>saepe</span> <span class='ocrx_word' id='word_1_96' title='bbox 1202 2259 1489 2324; x_wconf 86' lang='lat' dir='ltr'><em>adhibita</em></span> <span class='ocrx_word' id='word_1_97' title='bbox 1534 2278 1571 2323; x_wconf 88' lang='lat' dir='ltr'><em>a</em></span> <span class='ocrx_word' id='word_1_98' title='bbox 1613 2261 1836 2342; x_wconf 89' lang='lat' dir='ltr'><em>poetis.</em></span> <span class='ocrx_word' id='word_1_99' title='bbox 1927 2262 2103 2345; x_wconf 89' lang='lat' dir='ltr'><em>(Hor.</em></span> <span class='ocrx_word' id='word_1_100' title='bbox 2157 2279 2210 2325; x_wconf 95' lang='grc'><em>6.</em></span> <span class='ocrx_word' id='word_1_101' title='bbox 2260 2260 2351 2326; x_wconf 92' lang='lat' dir='ltr'><em>IV</em></span> <span class='ocrx_word' id='word_1_102' title='bbox 2396 2262 2455 2326; x_wconf 83' lang='lat'><em>3.</em></span> <span class='ocrx_word' id='word_1_103' title='bbox 2503 2262 2577 2341; x_wconf 83' lang='lat'><em>3,</em></span> <span class='ocrx_word' id='word_1_104' title='bbox 2627 2262 2829 2344; x_wconf 85' lang='lat' dir='ltr'><em>Epist.</em></span> 
     </span>
     <span class='ocr_line' id='line_1_18' title="bbox 471 2358 2829 2449; baseline 0.004 -28"><span class='ocrx_word' id='word_1_105' title='bbox 471 2359 505 2422; x_wconf 95' lang='lat' dir='ltr'>I</span> <span class='ocrx_word' id='word_1_106' title='bbox 549 2358 608 2424; x_wconf 83' lang='lat'><em>2.</em></span> <span class='ocrx_word' id='word_1_107' title='bbox 656 2359 760 2435; x_wconf 83' lang='lat'><em>51,</em></span> <span class='ocrx_word' id='word_1_108' title='bbox 809 2359 938 2426; x_wconf 87' lang='lat' dir='ltr'><em>Sat.</em></span> <span class='ocrx_word' id='word_1_109' title='bbox 986 2360 1017 2423; x_wconf 94' lang='lat' dir='ltr'>I</span> <span class='ocrx_word' id='word_1_110' title='bbox 1070 2365 1118 2424; x_wconf 91' lang='lat' dir='ltr'><em>l.</em></span> <span class='ocrx_word' id='word_1_111' title='bbox 1167 2363 1226 2438; x_wconf 92' lang='grc'><em>2,</em></span> <span class='ocrx_word' id='word_1_112' title='bbox 1286 2363 1354 2427; x_wconf 92' lang='lat' dir='ltr'><em>II</em></span> <span class='ocrx_word' id='word_1_113' title='bbox 1398 2364 1456 2428; x_wconf 85' lang='lat'><em>3.</em></span> <span class='ocrx_word' id='word_1_114' title='bbox 1503 2362 1605 2442; x_wconf 88' lang='grc'><em>96,</em></span> <span class='ocrx_word' id='word_1_115' title='bbox 1662 2363 1727 2449; x_wconf 70' lang='lat'><em>4.</em></span> <span class='ocrx_word' id='word_1_116' title='bbox 1778 2364 1875 2442; x_wconf 87' lang='grc'><em>12,</em></span> <span class='ocrx_word' id='word_1_117' title='bbox 1943 2363 2004 2428; x_wconf 83' lang='lat'><em>5.</em></span> <span class='ocrx_word' id='word_1_118' title='bbox 2050 2363 2157 2440; x_wconf 84' lang='lat'><em>29,</em></span> <span class='ocrx_word' id='word_1_119' title='bbox 2224 2365 2420 2446; x_wconf 85' lang='lat' dir='ltr'><em>Epist.</em></span> <span class='ocrx_word' id='word_1_120' title='bbox 2468 2366 2533 2430; x_wconf 87' lang='lat' dir='ltr'>H</span> <span class='ocrx_word' id='word_1_121' title='bbox 2576 2365 2635 2430; x_wconf 90' lang='grc'><em>2.</em></span> <span class='ocrx_word' id='word_1_122' title='bbox 2689 2366 2829 2444; x_wconf 85' lang='grc'><em>152,</em></span> 
     </span>
     <span class='ocr_line' id='line_1_19' title="bbox 473 2462 2833 2548; baseline 0.003 -22"><span class='ocrx_word' id='word_1_123' title='bbox 473 2462 604 2547; x_wconf 90' lang='lat' dir='ltr'><em>al.).</em></span> <span class='ocrx_word' id='word_1_124' title='bbox 680 2465 839 2546; x_wconf 89' lang='lat' dir='ltr'><em>quod</em></span> <span class='ocrx_word' id='word_1_125' title='bbox 885 2464 963 2528; x_wconf 86' lang='lat' dir='ltr'><em>ad</em></span> <span class='ocrx_word' id='word_1_126' title='bbox 1010 2465 1334 2529; x_wconf 89' lang='lat' dir='ltr'><em>verborum</em></span> <span class='ocrx_word' id='word_1_127' title='bbox 1384 2465 1761 2548; x_wconf 74' lang='lat' dir='ltr'><em>positionem</em></span> <span class='ocrx_word' id='word_1_128' title='bbox 1820 2467 2080 2546; x_wconf 75' lang='lat' dir='ltr'><em>attinet,</em></span> <span class='ocrx_word' id='word_1_129' title='bbox 2158 2467 2232 2531; x_wconf 88' lang='lat' dir='ltr'><em>cf.</em></span> <span class='ocrx_word' id='word_1_130' title='bbox 2284 2467 2397 2532; x_wconf 86' lang='lat' dir='ltr'><em>Ov.</em></span> <span class='ocrx_word' id='word_1_131' title='bbox 2444 2468 2581 2532; x_wconf 86' lang='lat' dir='ltr'><em>Art.</em></span> <span class='ocrx_word' id='word_1_132' title='bbox 2630 2487 2751 2532; x_wconf 86' lang='lat' dir='ltr'><em>am.</em></span> <span class='ocrx_word' id='word_1_133' title='bbox 2800 2469 2833 2532; x_wconf 91' lang='lat' dir='ltr'>I</span> 
     </span>
     <span class='ocr_line' id='line_1_20' title="bbox 471 2567 2831 2650; baseline 0.001 -17"><span class='ocrx_word' id='word_1_134' title='bbox 471 2567 635 2633; x_wconf 81' lang='lat'>534:</span> <span class='ocrx_word' id='word_1_135' title='bbox 684 2567 838 2631; x_wconf 74' lang='lat' dir='ltr'><em>Nori</em></span> <span class='ocrx_word' id='word_1_136' title='bbox 880 2567 1053 2647; x_wconf 81' lang='lat' dir='ltr'><em>faeta</em></span> <span class='ocrx_word' id='word_1_137' title='bbox 1098 2573 1185 2632; x_wconf 83' lang='lat' dir='ltr'><em>est</em></span> <span class='ocrx_word' id='word_1_138' title='bbox 1244 2570 1531 2634; x_wconf 82' lang='lat' dir='ltr'><em>lacrimis</em></span> <span class='ocrx_word' id='word_1_139' title='bbox 1575 2570 1827 2650; x_wconf 74' lang='lat' dir='ltr'><em>turpior</em></span> <span class='ocrx_word' id='word_1_140' title='bbox 1869 2570 1991 2635; x_wconf 84' lang='lat' dir='ltr'><em>illa</em></span> <span class='ocrx_word' id='word_1_141' title='bbox 2055 2570 2227 2649; x_wconf 78' lang='lat' dir='ltr'><em>suis;</em></span> <span class='ocrx_word' id='word_1_142' title='bbox 2291 2570 2442 2634; x_wconf 85' lang='lat' dir='ltr'><em>ibid.</em></span> <span class='ocrx_word' id='word_1_143' title='bbox 2495 2569 2635 2649; x_wconf 81' lang='lat'><strong>768,</strong></span> <span class='ocrx_word' id='word_1_144' title='bbox 2681 2571 2831 2650; x_wconf 83' lang='lat'>430,</span> 
     </span>
     <span class='ocr_line' id='line_1_21' title="bbox 470 2669 2834 2757; baseline 0.002 -24"><span class='ocrx_word' id='word_1_145' title='bbox 470 2669 597 2734; x_wconf 88' lang='grc'><em>498</em></span> <span class='ocrx_word' id='word_1_146' title='bbox 615 2720 630 2750; x_wconf 87' lang='grc'><strong>,</strong></span> <span class='ocrx_word' id='word_1_147' title='bbox 694 2670 795 2735; x_wconf 93' lang='lat' dir='ltr'><em>III</em></span> <span class='ocrx_word' id='word_1_148' title='bbox 840 2672 943 2749; x_wconf 87' lang='grc'><em>24,</em></span> <span class='ocrx_word' id='word_1_149' title='bbox 990 2672 1149 2749; x_wconf 81' lang='grc' dir='ltr'><em>26ος</em></span> <span class='ocrx_word' id='word_1_150' title='bbox 1206 2673 1383 2737; x_wconf 89' lang='lat' dir='ltr'><em>Rem.</em></span> <span class='ocrx_word' id='word_1_151' title='bbox 1430 2692 1550 2737; x_wconf 88' lang='lat' dir='ltr'><em>am.</em></span> <span class='ocrx_word' id='word_1_152' title='bbox 1603 2675 1684 2738; x_wconf 91' lang='lat'><em>14</em></span> <span class='ocrx_word' id='word_1_153' title='bbox 1750 2672 2069 2755; x_wconf 80' lang='lat' dir='ltr'><em>(Gaudeat</em></span> <span class='ocrx_word' id='word_1_154' title='bbox 2112 2678 2169 2738; x_wconf 89' lang='lat' dir='ltr'><em>et</em></span> <span class='ocrx_word' id='word_1_155' title='bbox 2211 2678 2386 2738; x_wconf 74' lang='lat' dir='ltr'><em>vento</em></span> <span class='ocrx_word' id='word_1_156' title='bbox 2430 2674 2679 2757; x_wconf 75' lang='lat' dir='ltr'><em>naviyet</em></span> <span class='ocrx_word' id='word_1_157' title='bbox 2723 2675 2834 2739; x_wconf 84' lang='lat' dir='ltr'><em>ille</em></span> 
     </span>
     <span class='ocr_line' id='line_1_22' title="bbox 472 2773 2215 2858; baseline 0.003 -22"><span class='ocrx_word' id='word_1_158' title='bbox 472 2780 604 2852; x_wconf 78' lang='lat' dir='ltr'><em>sao)</em></span> <span class='ocrx_word' id='word_1_159' title='bbox 621 2824 636 2854; x_wconf 88' lang='lat'>‚</span> <span class='ocrx_word' id='word_1_160' title='bbox 682 2773 836 2839; x_wconf 88' lang='lat' dir='ltr'><em>ibid.</em></span> <span class='ocrx_word' id='word_1_161' title='bbox 882 2775 1007 2838; x_wconf 87' lang='lat'><em>348</em></span> <span class='ocrx_word' id='word_1_162' title='bbox 1056 2775 1333 2858; x_wconf 78' lang='lat' dir='ltr'><em>(Infelix</em></span> <span class='ocrx_word' id='word_1_163' title='bbox 1375 2775 1548 2839; x_wconf 83' lang='lat' dir='ltr'><em>vitiis</em></span> <span class='ocrx_word' id='word_1_164' title='bbox 1591 2776 1826 2841; x_wconf 79' lang='lat' dir='ltr'><em>excidet</em></span> <span class='ocrx_word' id='word_1_165' title='bbox 1869 2777 1988 2841; x_wconf 84' lang='lat' dir='ltr'><em>illa</em></span> <span class='ocrx_word' id='word_1_166' title='bbox 2033 2777 2215 2858; x_wconf 78' lang='lat' dir='ltr'><em>sais).</em></span> 
     </span>
    </p>

    <p class='ocr_par' dir='ltr' id='par_1_9' title="bbox 472 2893 2839 3697">
     <span class='ocr_line' id='line_1_23' title="bbox 675 2893 2837 2978; baseline 0 -20"><span class='ocrx_word' id='word_1_167' title='bbox 675 2893 832 2970; x_wconf 71' lang='lat' dir='ltr'><em>Illa,</em></span> <span class='ocrx_word' id='word_1_168' title='bbox 879 2899 949 2959; x_wconf 87' lang='lat' dir='ltr'><em>ut</em></span> <span class='ocrx_word' id='word_1_169' title='bbox 995 2897 1253 2960; x_wconf 83' lang='lat' dir='ltr'><em>verbum</em></span> <span class='ocrx_word' id='word_1_170' title='bbox 1297 2896 1702 2973; x_wconf 87' lang='lat' dir='ltr'><em>trochaicum,</em></span> <span class='ocrx_word' id='word_1_171' title='bbox 1748 2894 1982 2960; x_wconf 91' lang='lat' dir='ltr'><em>mirum</em></span> <span class='ocrx_word' id='word_1_172' title='bbox 2028 2900 2332 2978; x_wconf 88' lang='lat' dir='ltr'><em>quantum</em></span> <span class='ocrx_word' id='word_1_173' title='bbox 2364 2896 2620 2959; x_wconf 86' lang='lat' dir='ltr'><em>adamat</em></span> <span class='ocrx_word' id='word_1_174' title='bbox 2649 2899 2837 2978; x_wconf 88' lang='lat' dir='ltr'><em>poeta</em></span> 
     </span>
     <span class='ocr_line' id='line_1_24' title="bbox 472 2997 2833 3082; baseline 0 -20"><span class='ocrx_word' id='word_1_175' title='bbox 472 2998 772 3062; x_wconf 88' lang='lat' dir='ltr'><em>collocare</em></span> <span class='ocrx_word' id='word_1_176' title='bbox 814 2999 879 3061; x_wconf 89' lang='lat' dir='ltr'><em>in</em></span> <span class='ocrx_word' id='word_1_177' title='bbox 922 3000 1299 3080; x_wconf 86' lang='lat' dir='ltr'><em>pentametri</em></span> <span class='ocrx_word' id='word_1_178' title='bbox 1345 2999 1500 3079; x_wconf 92' lang='lat' dir='ltr'><em>pede</em></span> <span class='ocrx_word' id='word_1_179' title='bbox 1545 2998 1952 3080; x_wconf 88' lang='lat' dir='ltr'><em>paenultimo.</em></span> <span class='ocrx_word' id='word_1_180' title='bbox 2001 2999 2368 3080; x_wconf 88' lang='lat' dir='ltr'><em>pronomina</em></span> <span class='ocrx_word' id='word_1_181' title='bbox 2411 2997 2536 3063; x_wconf 83' lang='lat' dir='ltr'><em>illa</em></span> <span class='ocrx_word' id='word_1_182' title='bbox 2580 3002 2642 3062; x_wconf 93' lang='lat' dir='ltr'><em>et</em></span> <span class='ocrx_word' id='word_1_183' title='bbox 2686 2998 2833 3082; x_wconf 75' lang='lat' dir='ltr'><em>ipsa</em></span> 
     </span>
     <span class='ocr_line' id='line_1_25' title="bbox 473 3100 2839 3184; baseline 0.001 -21"><span class='ocrx_word' id='word_1_184' title='bbox 473 3100 835 3181; x_wconf 83' lang='lat' dir='ltr'><em>saepissime</em></span> <span class='ocrx_word' id='word_1_185' title='bbox 881 3102 1177 3165; x_wconf 90' lang='lat' dir='ltr'><em>confundi</em></span> <span class='ocrx_word' id='word_1_186' title='bbox 1208 3121 1245 3166; x_wconf 88' lang='lat' dir='ltr'><em>a</em></span> <span class='ocrx_word' id='word_1_187' title='bbox 1275 3102 1550 3166; x_wconf 88' lang='lat' dir='ltr'><em>librariis</em></span> <span class='ocrx_word' id='word_1_188' title='bbox 1598 3106 1817 3166; x_wconf 90' lang='lat' dir='ltr'><em>notum</em></span> <span class='ocrx_word' id='word_1_189' title='bbox 1865 3102 1977 3180; x_wconf 90' lang='lat' dir='ltr'><em>est,</em></span> <span class='ocrx_word' id='word_1_190' title='bbox 2028 3103 2213 3184; x_wconf 86' lang='lat' dir='ltr'><em>atque</em></span> <span class='ocrx_word' id='word_1_191' title='bbox 2255 3102 2425 3178; x_wconf 82' lang='lat' dir='ltr'><em>lociS‚</em></span> <span class='ocrx_word' id='word_1_192' title='bbox 2462 3119 2614 3183; x_wconf 89' lang='lat' dir='ltr'><em>quos</em></span> <span class='ocrx_word' id='word_1_193' title='bbox 2646 3119 2839 3183; x_wconf 89' lang='lat' dir='ltr'><em>supra</em></span> 
     </span>
     <span class='ocr_line' id='line_1_26' title="bbox 483 3202 2832 3289; baseline 0.001 -22"><span class='ocrx_word' id='word_1_194' title='bbox 483 3202 809 3285; x_wconf 82' lang='lat' dir='ltr'><em>adscripsi,</em></span> <span class='ocrx_word' id='word_1_195' title='bbox 881 3204 1243 3287; x_wconf 86' lang='lat' dir='ltr'><em>plerumque</em></span> <span class='ocrx_word' id='word_1_196' title='bbox 1314 3205 1552 3286; x_wconf 90' lang='lat' dir='ltr'><em>aliquot</em></span> <span class='ocrx_word' id='word_1_197' title='bbox 1621 3205 1860 3269; x_wconf 91' lang='lat' dir='ltr'><em>codices</em></span> <span class='ocrx_word' id='word_1_198' title='bbox 1922 3204 2256 3269; x_wconf 87' lang='lat' dir='ltr'><em>deteriores</em></span> <span class='ocrx_word' id='word_1_199' title='bbox 2314 3222 2424 3287; x_wconf 87' lang='lat' dir='ltr'><em>pro</em></span> <span class='ocrx_word' id='word_1_200' title='bbox 2492 3205 2615 3270; x_wconf 84' lang='lat' dir='ltr'><em>illa</em></span> <span class='ocrx_word' id='word_1_201' title='bbox 2674 3204 2832 3289; x_wconf 80' lang='lat' dir='ltr'><em>(ille)</em></span> 
     </span>
     <span class='ocr_line' id='line_1_27' title="bbox 481 3305 2833 3390; baseline 0.001 -22"><span class='ocrx_word' id='word_1_202' title='bbox 481 3305 771 3370; x_wconf 86' lang='lat' dir='ltr'><em>exhibent</em></span> <span class='ocrx_word' id='word_1_203' title='bbox 813 3307 961 3386; x_wconf 76' lang='lat' dir='ltr'><em>ipsa</em></span> <span class='ocrx_word' id='word_1_204' title='bbox 1007 3308 1206 3389; x_wconf 77' lang='lat' dir='ltr'><em>(ipse).</em></span> <span class='ocrx_word' id='word_1_205' title='bbox 1275 3326 1430 3388; x_wconf 91' lang='lat' dir='ltr'><em>quae</em></span> <span class='ocrx_word' id='word_1_206' title='bbox 1476 3325 1615 3371; x_wconf 88' lang='lat' dir='ltr'><em>cum</em></span> <span class='ocrx_word' id='word_1_207' title='bbox 1659 3309 1751 3371; x_wconf 90' lang='lat' dir='ltr'><em>ita</em></span> <span class='ocrx_word' id='word_1_208' title='bbox 1797 3307 1955 3386; x_wconf 88' lang='lat' dir='ltr'><em>sint,</em></span> <span class='ocrx_word' id='word_1_209' title='bbox 2002 3307 2067 3370; x_wconf 91' lang='lat' dir='ltr'><em>in</em></span> <span class='ocrx_word' id='word_1_210' title='bbox 2113 3325 2324 3390; x_wconf 87' lang='lat' dir='ltr'><em>versu,</em></span> <span class='ocrx_word' id='word_1_211' title='bbox 2347 3327 2558 3389; x_wconf 44' lang='lat' dir='ltr'><em>*quem</em></span> <span class='ocrx_word' id='word_1_212' title='bbox 2604 3311 2833 3373; x_wconf 87' lang='lat' dir='ltr'><em>tracta-</em></span> 
     </span>
     <span class='ocr_line' id='line_1_28' title="bbox 480 3408 2836 3493; baseline 0.001 -20"><span class='ocrx_word' id='word_1_213' title='bbox 480 3428 639 3489; x_wconf 76' lang='lat' dir='ltr'><em>mUS,</em></span> <span class='ocrx_word' id='word_1_214' title='bbox 687 3411 837 3474; x_wconf 91' lang='lat' dir='ltr'><em>mihi</em></span> <span class='ocrx_word' id='word_1_215' title='bbox 882 3410 1130 3491; x_wconf 89' lang='lat' dir='ltr'><em>quidem</em></span> <span class='ocrx_word' id='word_1_216' title='bbox 1159 3410 1538 3492; x_wconf 90' lang='lat' dir='ltr'><em>probabilius</em></span> <span class='ocrx_word' id='word_1_217' title='bbox 1581 3409 1829 3474; x_wconf 86' lang='lat' dir='ltr'><em>videtur</em></span> <span class='ocrx_word' id='word_1_218' title='bbox 1870 3408 1993 3473; x_wconf 87' lang='lat' dir='ltr'><em>illa</em></span> <span class='ocrx_word' id='word_1_219' title='bbox 2036 3410 2100 3474; x_wconf 90' lang='lat' dir='ltr'><em>in</em></span> <span class='ocrx_word' id='word_1_220' title='bbox 2146 3409 2291 3493; x_wconf 76' lang='lat' dir='ltr'><em>ipsa</em></span> <span class='ocrx_word' id='word_1_221' title='bbox 2335 3413 2658 3476; x_wconf 89' lang='lat' dir='ltr'><em>mutatum</em></span> <span class='ocrx_word' id='word_1_222' title='bbox 2704 3429 2836 3476; x_wconf 89' lang='lat' dir='ltr'><em>esse</em></span> 
     </span>
     <span class='ocr_line' id='line_1_29' title="bbox 478 3512 2835 3604; baseline 0 -27"><span class='ocrx_word' id='word_1_223' title='bbox 478 3516 941 3604; x_wconf 47' lang='lat' dir='ltr'><em>acorrectore„</em></span> <span class='ocrx_word' id='word_1_224' title='bbox 988 3533 1177 3596; x_wconf 88' lang='lat' dir='ltr'><em>quam</em></span> <span class='ocrx_word' id='word_1_225' title='bbox 1227 3514 1374 3594; x_wconf 78' lang='lat' dir='ltr'><em>ipsa</em></span> <span class='ocrx_word' id='word_1_226' title='bbox 1430 3514 1496 3577; x_wconf 92' lang='lat' dir='ltr'><em>in</em></span> <span class='ocrx_word' id='word_1_227' title='bbox 1551 3513 1703 3597; x_wconf 80' lang='lat' dir='ltr'><em>illa,</em></span> <span class='ocrx_word' id='word_1_228' title='bbox 1761 3512 1828 3577; x_wconf 92' lang='lat' dir='ltr'><em>in</em></span> <span class='ocrx_word' id='word_1_229' title='bbox 1892 3512 2156 3578; x_wconf 88' lang='lat' dir='ltr'><em>formam</em></span> <span class='ocrx_word' id='word_1_230' title='bbox 2214 3513 2331 3579; x_wconf 90' lang='lat' dir='ltr'><em>hoc</em></span> <span class='ocrx_word' id='word_1_231' title='bbox 2390 3514 2640 3597; x_wconf 90' lang='lat' dir='ltr'><em>quidem</em></span> <span class='ocrx_word' id='word_1_232' title='bbox 2701 3515 2835 3579; x_wconf 92' lang='lat' dir='ltr'><em>loco</em></span> 
     </span>
     <span class='ocr_line' id='line_1_30' title="bbox 473 3616 807 3697; baseline -0.003 -17"><span class='ocrx_word' id='word_1_233' title='bbox 473 3616 807 3697; x_wconf 88' lang='lat' dir='ltr'><em>insignem.</em></span> 
     </span>
    </p>

    <p class='ocr_par' dir='ltr' id='par_1_10' title="bbox 683 3719 2838 3812">
     <span class='ocr_line' id='line_1_31' title="bbox 683 3719 2838 3812; baseline -0.003 -22"><span class='ocrx_word' id='word_1_234' title='bbox 683 3719 916 3812; x_wconf 84' lang='lat' dir='ltr'><em>Versus</em></span> <span class='ocrx_word' id='word_1_235' title='bbox 950 3722 1033 3785; x_wconf 85' lang='lat'><em>70</em></span> <span class='ocrx_word' id='word_1_236' title='bbox 1076 3722 1241 3784; x_wconf 91' lang='lat' dir='ltr'><em>haud</em></span> <span class='ocrx_word' id='word_1_237' title='bbox 1287 3720 1415 3786; x_wconf 90' lang='lat' dir='ltr'><em>scio</em></span> <span class='ocrx_word' id='word_1_238' title='bbox 1462 3739 1541 3784; x_wconf 90' lang='lat' dir='ltr'><em>an</em></span> <span class='ocrx_word' id='word_1_239' title='bbox 1585 3720 1851 3802; x_wconf 87' lang='lat' dir='ltr'><em>pessime</em></span> <span class='ocrx_word' id='word_1_240' title='bbox 1896 3720 1981 3785; x_wconf 89' lang='lat' dir='ltr'><em>sit</em></span> <span class='ocrx_word' id='word_1_241' title='bbox 2025 3720 2278 3785; x_wconf 86' lang='lat' dir='ltr'><em>habitus</em></span> <span class='ocrx_word' id='word_1_242' title='bbox 2325 3720 2605 3786; x_wconf 88' lang='lat' dir='ltr'><em>omnium</em></span> <span class='ocrx_word' id='word_1_243' title='bbox 2651 3719 2838 3783; x_wconf 89' lang='lat' dir='ltr'><em>huius</em></span> 
     </span>
    </p>
   </div>
   <div class='ocr_carea' id='block_1_9' title="bbox 473 3822 2836 4010">
    <p class='ocr_par' dir='ltr' id='par_1_11' title="bbox 473 3822 2836 4010">
     <span class='ocr_line' id='line_1_32' title="bbox 504 3822 2836 3906; baseline 0 -20"><span class='ocrx_word' id='word_1_244' title='bbox 504 3822 699 3887; x_wconf 91' lang='lat' dir='ltr'><em>ibelli.</em></span> <span class='ocrx_word' id='word_1_245' title='bbox 777 3825 1063 3905; x_wconf 88' lang='lat' dir='ltr'><em>equidem</em></span> <span class='ocrx_word' id='word_1_246' title='bbox 1107 3824 1428 3906; x_wconf 87' lang='lat' dir='ltr'><em>perspecta</em></span> <span class='ocrx_word' id='word_1_247' title='bbox 1471 3824 1618 3890; x_wconf 85' lang='lat' dir='ltr'><em>libri</em></span> <span class='ocrx_word' id='word_1_248' title='bbox 1673 3824 1981 3889; x_wconf 86' lang='lat' dir='ltr'><em>Marciani</em></span> <span class='ocrx_word' id='word_1_249' title='bbox 2023 3825 2334 3906; x_wconf 88' lang='lat' dir='ltr'><em>scriptura</em></span> <span class='ocrx_word' id='word_1_250' title='bbox 2379 3826 2479 3888; x_wconf 89' lang='lat' dir='ltr'><em>sat</em></span> <span class='ocrx_word' id='word_1_251' title='bbox 2538 3823 2662 3886; x_wconf 89' lang='lat' dir='ltr'><em>leni</em></span> <span class='ocrx_word' id='word_1_252' title='bbox 2700 3823 2836 3887; x_wconf 88' lang='lat' dir='ltr'><em>eius</em></span> 
     </span>
     <span class='ocr_line' id='line_1_33' title="bbox 473 3926 1693 4010; baseline 0.002 -21"><span class='ocrx_word' id='word_1_253' title='bbox 473 3926 842 3992; x_wconf 88' lang='lat' dir='ltr'><em>lmutatione</em></span> <span class='ocrx_word' id='word_1_254' title='bbox 889 3926 1287 3990; x_wconf 88' lang='lat' dir='ltr'><em>scribendum</em></span> <span class='ocrx_word' id='word_1_255' title='bbox 1333 3946 1466 3991; x_wconf 89' lang='lat' dir='ltr'><em>esse</em></span> <span class='ocrx_word' id='word_1_256' title='bbox 1510 3931 1693 4010; x_wconf 89' lang='lat' dir='ltr'><em>puto:</em></span> 
     </span>
    </p>
   </div>
   <div class='ocr_carea' id='block_1_10' title="bbox 475 4045 2840 4351">
    <p class='ocr_par' dir='ltr' id='par_1_12' title="bbox 475 4045 2840 4351">
     <span class='ocr_line' id='line_1_34' title="bbox 638 4045 2145 4131; baseline 0 -22"><span class='ocrx_word' id='word_1_257' title='bbox 638 4067 643 4070; x_wconf 50' lang='lat'><strong>⁴</strong></span> <span class='ocrx_word' id='word_1_258' title='bbox 685 4045 779 4109; x_wconf 89' lang='lat' dir='ltr'><em>Et</em></span> <span class='ocrx_word' id='word_1_259' title='bbox 833 4046 1025 4110; x_wconf 81' lang='lat' dir='ltr'><em>simul</em></span> <span class='ocrx_word' id='word_1_260' title='bbox 1081 4047 1376 4126; x_wconf 72' lang='lat' dir='ltr'><em>inflantis</em></span> <span class='ocrx_word' id='word_1_261' title='bbox 1430 4066 1691 4131; x_wconf 76' lang='lat' dir='ltr'><em>corpora</em></span> <span class='ocrx_word' id='word_1_262' title='bbox 1732 4048 1897 4130; x_wconf 74' lang='lat' dir='ltr'><em>friye</em></span> <span class='ocrx_word' id='word_1_263' title='bbox 1938 4045 2145 4128; x_wconf 81' lang='lat' dir='ltr'><em>fabae.</em></span> 
     </span>
     <span class='ocr_line' id='line_1_35' title="bbox 667 4160 2840 4245; baseline 0 -17"><span class='ocrx_word' id='word_1_264' title='bbox 667 4164 853 4243; x_wconf 81' lang='lat' dir='ltr'><em>.Quod</em></span> <span class='ocrx_word' id='word_1_265' title='bbox 902 4164 993 4227; x_wconf 89' lang='lat' dir='ltr'><strong><em>M</em></strong></span> <span class='ocrx_word' id='word_1_266' title='bbox 1049 4164 1298 4229; x_wconf 84' lang='lat' dir='ltr'><em>exhibet</em></span> <span class='ocrx_word' id='word_1_267' title='bbox 1363 4164 1493 4245; x_wconf 68' lang='lat' dir='ltr'><em>see</em></span> <span class='ocrx_word' id='word_1_268' title='bbox 1551 4167 1592 4229; x_wconf 91' lang='lat' dir='ltr'><em>i.</em></span> <span class='ocrx_word' id='word_1_269' title='bbox 1642 4185 1692 4229; x_wconf 92' lang='lat' dir='ltr'><em>e.</em></span> <span class='ocrx_word' id='word_1_270' title='bbox 1741 4166 1871 4230; x_wconf 89' lang='lat' dir='ltr'><em>sine</em></span> <span class='ocrx_word' id='word_1_271' title='bbox 1919 4163 2106 4230; x_wconf 91' lang='lat' dir='ltr'><em>dubio</em></span> <span class='ocrx_word' id='word_1_272' title='bbox 2164 4162 2295 4243; x_wconf 78' lang='lat' dir='ltr'><em>fere</em></span> <span class='ocrx_word' id='word_1_273' title='bbox 2363 4179 2471 4244; x_wconf 90' lang='lat' dir='ltr'><em>pro</em></span> <span class='ocrx_word' id='word_1_274' title='bbox 2527 4160 2713 4240; x_wconf 80' lang='lat' dir='ltr'><em>fabae</em></span> <span class='ocrx_word' id='word_1_275' title='bbox 2768 4181 2840 4228; x_wconf 86' lang='lat' dir='ltr'><em>ex</em></span> 
     </span>
     <span class='ocr_line' id='line_1_36' title="bbox 475 4264 2839 4351; baseline -0.001 -18"><span class='ocrx_word' id='word_1_276' title='bbox 475 4268 807 4351; x_wconf 83' lang='lat' dir='ltr'><em>archetypo</em></span> <span class='ocrx_word' id='word_1_277' title='bbox 863 4266 1092 4332; x_wconf 84' lang='lat' dir='ltr'><em>litteris</em></span> <span class='ocrx_word' id='word_1_278' title='bbox 1142 4269 1506 4333; x_wconf 86' lang='lat' dir='ltr'><em>maiusculis</em></span> <span class='ocrx_word' id='word_1_279' title='bbox 1567 4268 1796 4351; x_wconf 89' lang='lat' dir='ltr'><em>scripto</em></span> <span class='ocrx_word' id='word_1_280' title='bbox 1858 4266 2265 4350; x_wconf 87' lang='lat' dir='ltr'><em>propagatum</em></span> <span class='ocrx_word' id='word_1_281' title='bbox 2324 4264 2608 4350; x_wconf 80' lang='lat' dir='ltr'><em>videtur3</em></span> <span class='ocrx_word' id='word_1_282' title='bbox 2665 4269 2839 4348; x_wconf 90' lang='lat' dir='ltr'><em>post-</em></span> 
     </span>
    </p>
   </div>
   <div class='ocr_carea' id='block_1_11' title="bbox 472 4368 2841 4555">
    <p class='ocr_par' dir='ltr' id='par_1_13' title="bbox 472 4368 2841 4555">
     <span class='ocr_line' id='line_1_37' title="bbox 477 4368 2838 4453; baseline -0 -18"><span class='ocrx_word' id='word_1_283' title='bbox 477 4388 661 4453; x_wconf 87' lang='lat' dir='ltr'><em>quam</em></span> <span class='ocrx_word' id='word_1_284' title='bbox 706 4371 946 4436; x_wconf 85' lang='lat' dir='ltr'><em>scilicet</em></span> <span class='ocrx_word' id='word_1_285' title='bbox 980 4369 1244 4435; x_wconf 88' lang='lat' dir='ltr'><strong><em>FABE</em></strong></span> <span class='ocrx_word' id='word_1_286' title='bbox 1287 4371 1352 4436; x_wconf 90' lang='lat' dir='ltr'><em>in</em></span> <span class='ocrx_word' id='word_1_287' title='bbox 1385 4369 1642 4435; x_wconf 86' lang='lat' dir='ltr'><strong><em>FARE</em></strong></span> <span class='ocrx_word' id='word_1_288' title='bbox 1683 4371 1860 4449; x_wconf 88' lang='lat' dir='ltr'><em>abiit,</em></span> <span class='ocrx_word' id='word_1_289' title='bbox 1912 4372 2035 4433; x_wconf 91' lang='lat' dir='ltr'><em>iam</em></span> <span class='ocrx_word' id='word_1_290' title='bbox 2079 4368 2357 4451; x_wconf 85' lang='lat' dir='ltr'><em>proxima</em></span> <span class='ocrx_word' id='word_1_291' title='bbox 2403 4370 2539 4433; x_wconf 90' lang='lat' dir='ltr'><em>erat</em></span> <span class='ocrx_word' id='word_1_292' title='bbox 2573 4370 2838 4434; x_wconf 86' lang='lat' dir='ltr'><em>mutatio</em></span> 
     </span>
     <span class='ocr_line' id='line_1_38' title="bbox 472 4473 2841 4555; baseline -0.001 -16"><span class='ocrx_word' id='word_1_293' title='bbox 472 4474 621 4555; x_wconf 82' lang='lat' dir='ltr'><em>fere.</em></span> <span class='ocrx_word' id='word_1_294' title='bbox 670 4473 750 4538; x_wconf 86' lang='lat' dir='ltr'><em>ad</em></span> <span class='ocrx_word' id='word_1_295' title='bbox 782 4473 1112 4539; x_wconf 88' lang='lat' dir='ltr'><em>lectionem</em></span> <span class='ocrx_word' id='word_1_296' title='bbox 1145 4475 1357 4539; x_wconf 90' lang='lat' dir='ltr'><em>autem</em></span> <span class='ocrx_word' id='word_1_297' title='bbox 1389 4473 1622 4537; x_wconf 89' lang='lat' dir='ltr'><em>codicis</em></span> <span class='ocrx_word' id='word_1_298' title='bbox 1644 4473 1971 4550; x_wconf 88' lang='lat' dir='ltr'><em>Marciani,</em></span> <span class='ocrx_word' id='word_1_299' title='bbox 2007 4475 2169 4538; x_wconf 91' lang='lat' dir='ltr'><em>unde</em></span> <span class='ocrx_word' id='word_1_300' title='bbox 2204 4473 2419 4555; x_wconf 88' lang='lat' dir='ltr'><em>utique</em></span> <span class='ocrx_word' id='word_1_301' title='bbox 2449 4473 2841 4553; x_wconf 87' lang='lat' dir='ltr'><em>proficiscen-</em></span> 
     </span>
    </p>
   </div>
  </div>
 </body>
</html>
