3371 5070
1517 427 1939 492 ...34-

759 614 1001 678 Tamen
1043 614 1353 696 particula
1396 615 1646 678 tantum
1704 631 1828 678 non
1873 613 2103 694 ubique
2147 612 2239 677 ita
2282 613 2486 694 posita
2542 614 2772 697 legitur
2832 618 2906 679 ut

549 718 616 783 in
659 737 720 782 v.
765 718 849 782 23
895 722 956 783 et
1001 718 1118 796 84,
1162 718 1431 794 scilicet,
1480 719 1549 781 ut
1596 717 1827 780 thesim
1862 715 2050 798 primi
2098 716 2336 799 dactyli
2394 717 2632 784 efficiat
2683 719 2905 783 vocula

550 821 977 906 monosyllaba
1022 822 1456 886 antecedente:

753 942 887 1006 Nec
930 946 1175 1015 tamen:
1239 941 1386 1006 Am.
1434 941 1465 1005 Ι
1521 943 1612 1007 10.
1659 942 1764 1019 53,
1816 941 1912 1006 14.
1964 942 2022 1017 9,
2073 940 2136 1004 H
2180 940 2243 1006 5.
2287 941 2391 1021 59,
2439 943 2499 1008 6.
2545 941 2649 1019 47,
2698 942 2797 1006 III
2840 943 2900 1007 4.

550 1045 654 1122 33,
704 1047 800 1111 10.
854 1047 952 1123 17,
1002 1047 1101 1110 12.
1152 1047 1258 1121 19,
1326 1047 1402 1110 Α.
1451 1064 1505 1111 a.
1552 1047 1615 1110 H
1660 1045 1807 1123 333,
1853 1045 1957 1110 III
2002 1044 2106 1122 25,
2151 1044 2312 1128 476,
2359 1045 2537 1109 Rem.
2588 1065 2708 1110 am.
2756 1046 2902 1124 288,

550 1149 709 1233 318,
753 1150 904 1214 Her.
930 1149 1032 1212 III
1076 1150 1176 1227 99,
1208 1148 1299 1213 IV
1329 1149 1432 1228 95,
1479 1148 1602 1214 XII
1651 1148 1794 1231 117,
1840 1148 1958 1213 XV
1988 1147 2136 1228 267,
2182 1147 2335 1212 XVI
2379 1148 2481 1226 35,
2536 1148 2678 1225 197,
2724 1148 2907 1214 XVII

550 1253 653 1330 99,
704 1253 855 1329 145;
902 1253 1069 1318 Fast.
1116 1253 1150 1315 I
1194 1252 1341 1331 487,
1389 1254 1452 1316 Π
1495 1252 1642 1329 567,
1692 1252 1781 1324 VI
1827 1252 1941 1327 57,
1987 1252 2090 1317 Tr.
2142 1252 2193 1316 V
2242 1252 2301 1315 7.
2350 1250 2454 1327 37,
2506 1251 2605 1317 12.
2651 1252 2767 1336 59,
2817 1251 2907 1316 Ex

546 1354 617 1418 P.
664 1355 697 1418 I
744 1356 802 1420 2.
850 1355 951 1431 63,
999 1355 1059 1421 3.
1107 1355 1207 1436 87,
1255 1355 1312 1419 5.
1364 1355 1460 1433 17,
1511 1355 1568 1419 7.
1615 1354 1719 1436 23,
1766 1354 1821 1417 Π
1871 1355 1927 1419 2.
1983 1354 2125 1432 113,
2181 1353 2285 1418 III
2342 1355 2402 1419 8.
2448 1355 2510 1430 5,
2557 1355 2648 1419 IV
2681 1355 2739 1418 2.
2806 1356 2905 1433 15,

544 1456 636 1521 IV
667 1457 727 1523 8.
773 1457 878 1537 43,
926 1457 1007 1522 72
1052 1460 1169 1522 etc.

750 1576 901 1642 Non
944 1582 1202 1644 tamen:
1269 1578 1343 1643 A.
1392 1597 1448 1642 a.
1494 1577 1593 1641 III
1637 1578 1795 1655 209,
1852 1578 2027 1642 Rem.
2075 1596 2197 1642 am.
2244 1577 2390 1656 349,
2441 1578 2600 1662 750,
2646 1580 2794 1644 Her.
2843 1580 2905 1646 V

549 1681 651 1765 83,
701 1681 821 1746 VH
869 1682 970 1765 27,
1017 1681 1077 1745 Χ
1125 1681 1268 1761 144,
1314 1681 1468 1746 XIV
1516 1682 1615 1760 13,
1661 1681 1814 1745 XVI
1860 1681 1963 1759 25,
2013 1682 2099 1747 62
2144 1684 2261 1747 etc.

749 1799 874 1865 Sed
917 1806 1165 1868 tamen:
1207 1801 1350 1866 Am.
1383 1801 1446 1865 H
1494 1803 1551 1866 2.
1599 1802 1701 1882 35,
1753 1803 1852 1868 10.
1902 1803 2003 1880 15,
2053 1802 2150 1866 13.
2197 1803 2259 1881 5,
2305 1802 2404 1865 ΠΙ
2450 1804 2510 1870 9.
2554 1801 2658 1880 47,
2695 1803 2798 1871 14.
2828 1805 2902 1882 4,

543 1904 622 1970 A.
650 1922 703 1969 a.
729 1904 760 1968 1
793 1905 893 1980 19,
926 1905 1072 1984 236,
1105 1904 1167 1968 11
1203 1906 1346 1983 192,
1379 1905 1525 1984 255,
1557 1906 1836 1985 441,111
1865 1905 2025 1990 4903
2057 1907 2237 1971 Rem.
2270 1925 2391 1970 am.
2425 1906 2567 1981 233,
2583 1906 2726 1984 238,
2744 1907 2905 1986 6523
3011 1920 3012 1923 Ν

549 2006 699 2074 Her.
732 2007 834 2071 III
864 2008 925 2086 4,
958 2007 1082 2073 ΧΠ
1117 2008 1258 2087 142,
1292 2007 1444 2073 XIV
1475 2009 1579 2087 21,
1613 2008 1732 2073 XV
1768 2009 1906 2084 132,
1939 2009 2093 2074 XIX
2124 2010 2251 2073 219
2283 2011 2396 2074 etc.

748 2124 823 2190 Si
866 2133 1116 2192 tamen:
1161 2129 1305 2194 Am.
1337 2130 1400 2194 H
1446 2130 1502 2194 9.
1551 2129 1655 2207 51,
1708 2130 1804 2195 13.
1853 2131 1955 2208 27,
2002 2129 2100 2192 III
2146 2130 2203 2194 6.
2244 2131 2342 2207 11,
2387 2132 2443 2195 9.
2494 2131 2597 2208 59,
2649 2131 2747 2197 14.
2779 2131 2902 2209 43,

544 2232 620 2296 A.
653 2250 707 2296 a.
740 2231 772 2294 Ι
814 2231 960 2311 383,
1009 2233 1165 2316 715,
1212 2232 1384 2297 Rem.
1420 2251 1540 2297 am.
1579 2233 1731 2309 107,
1778 2233 1925 2297 Her.
1959 2233 2050 2297 IV
2083 2233 2186 2312 31,
2220 2233 2336 2297 XV
2369 2234 2427 2308 9,
2461 2234 2614 2298 XIX
2655 2235 2740 2299 32
2786 2238 2907 2301 etc.

748 2351 849 2418 Sic
879 2354 945 2418 in
988 2354 1208 2436 primis
1253 2357 1572 2438 ponuntur
1616 2354 1680 2419 in
1726 2355 1933 2419 fronte
1980 2374 2275 2421 versuum
2296 2409 2300 2415 ,
2320 2359 2466 2421 ante
2510 2360 2722 2421 tamen
2765 2375 2903 2421 mo-

543 2455 902 2541 nosyllabae
941 2457 1392 2539 pronominum
1436 2458 1498 2522 et
1543 2458 1716 2523 verbi
1758 2476 1883 2524 csse
1927 2457 2163 2523 formae
2210 2464 2272 2524 et
2301 2458 2427 2524 alia
2456 2459 2906 2543 monosyllaba.

549 2561 863 2647 (exempla
927 2561 1283 2627 huiusmodi
1350 2580 1422 2626 ex
1476 2561 1855 2627 Heroidibus
1924 2562 2179 2646 collegit
2248 2561 2476 2629 Sedlm.
2526 2564 2569 2628 l.
2615 2583 2667 2630 c.
2713 2584 2773 2646 p.
2818 2564 2906 2629 40

542 2665 976 2835 adnot-133&
1019 2767 1434 2832 usitatissima
1478 2769 1577 2832 est
1621 2786 1693 2833 ea
1720 2768 2066 2849 particulae
2096 2768 2289 2831 etiam
2320 2769 2566 2851 posmo’
2616 2787 2805 2855 quam
2837 2769 2903 2834 in

539 2891 598 2937 v.
625 2873 704 2938 31
752 2873 1068 2952 habemus,
1116 2875 1187 2937 ut
1230 2872 1464 2937 thesim
1508 2872 1696 2954 primi
1742 2876 1804 2937 et
1848 2873 2041 2939 arsim
2086 2874 2343 2939 alterius
2394 2876 2630 2959 dactyli
2676 2876 2906 2942 efficiat

539 2976 945 3043 antecedente
987 2994 1138 3041 voce
1183 2976 1630 3059 monosyllaba.

743 3095 866 3161 Est
908 3097 1130 3161 etiam:
1172 3095 1318 3161 Am.
1367 3098 1400 3162 1
1444 3096 1506 3162 8.
1554 3096 1657 3181 33,
1716 3097 1780 3162 11
1823 3098 1883 3163 3.
1936 3098 2034 3180 13,
2083 3098 2142 3162 4.
2190 3099 2298 3182 21,
2343 3101 2405 3164 4.
2453 3101 2571 3184 403
2632 3102 2822 3168 Trist.
2869 3104 2902 3167 1

540 3202 599 3268 9.
645 3201 730 3266 35
767 3202 920 3284 (Μ),
968 3201 1109 3266 aliis
1155 3189 1603 3285 monosyllabis
1647 3202 2199 3284 praecedentibus:
2244 3204 2387 3268 Am.
2414 3205 2514 3269 III
2546 3207 2604 3270 9.
2656 3207 2774 3283 18,
2823 3207 2898 3271 A.

538 3324 593 3370 a.
638 3304 671 3367 I
716 3303 862 3382 579,
908 3303 970 3367 H
1014 3304 1171 3381 269,
1217 3305 1393 3373 Rem.
1441 3324 1562 3370 am.
1598 3306 1657 3383 9,
1710 3305 1851 3383 133,
1883 3305 2042 3382 331;
2087 3306 2238 3370 Her.
2283 3308 2384 3372 III
2429 3309 2534 3387 57,
2581 3307 2701 3373 XV
2751 3309 2903 3387 141;

538 3407 618 3471 A.
662 3426 718 3473 a.
766 3406 830 3469 II
875 3408 1035 3491 6393
1083 3409 1257 3472 Rem.
1304 3426 1424 3475 am.
1471 3408 1625 3486 524,
1673 3407 1826 3471 Her.
1871 3407 2091 3472 XVIII
2142 3409 2293 3487 144,
2340 3410 2515 3475 Rem.
2565 3431 2685 3476 am.
2734 3413 2902 3491 614,

536 3509 688 3574 Her.
734 3508 920 3574 XVII
967 3511 1081 3588 95,
1126 3510 1347 3575 XVIII
1395 3511 1547 3586 144,
1594 3512 1668 3575 A.
1717 3528 1773 3575 a.
1820 3511 1852 3575 I
1899 3511 2043 3588 229,
2092 3511 2235 3578 alia.

742 3627 986 3694 Discite
1049 3631 1118 3694 in
1162 3630 1367 3696 fronte
1424 3649 1719 3696 versuum
1788 3637 1867 3709 (v.
1922 3637 2025 3710 1):
2094 3632 2236 3697 Am.
2283 3634 2384 3699 III
2431 3635 2489 3699 8.
2537 3636 2655 3714 25,
2716 3635 2793 3701 A.
2843 3655 2899 3702 a.

534 3732 638 3798 ΠΙ
681 3734 827 3814 298,
874 3734 1033 3812 455,
1082 3735 1257 3799 Rem.
1302 3755 1422 3800 am.
1467 3736 1587 3813 433
1633 3736 1805 3802 Fast.
1851 3737 1943 3800 IV
1997 3737 2155 3821 145,
2201 3739 2355 3804 Met.
2406 3738 2498 3802 IV
2542 3739 2687 3817 287,
2736 3739 2899 3803 VIII

742 3944 832 4007 De
878 3940 1005 4007 Dic
1051 3962 1165 4025 aye
1215 3942 1298 4023 (v.
1340 3943 1450 4025 51)
1502 3944 1578 4008 cf.
1625 3960 1812 4024 supra
1854 3962 1911 4025 p.
1945 3943 2049 4010 66.

738 4044 1005 4127 Iamque
1047 4046 1155 4111 ubi
1214 4048 1296 4129 (v.
1328 4048 1431 4125 61,
1480 4046 1555 4111 cf.
1604 4045 1781 4109 Haec
1842 4046 1948 4111 ubi
1992 4066 2051 4112 v.
2097 4048 2181 4114 57
2228 4052 2290 4113 et
2338 4047 2469 4113 Tus
2528 4048 2636 4112 ubi
2681 4067 2738 4113 v.
2786 4049 2887 4128 85,

531 4165 693 4229 quae
737 4149 1064 4215 collocatio
1108 4150 1448 4233 particulae
1495 4149 1602 4213 ubi
1645 4147 1867 4214 itidem
1922 4154 2013 4215 est
2066 4151 2534 4236 usitatissima):
2598 4151 2765 4218 Fast.
2829 4153 2897 4217 II

540 4251 686 4337 635,
720 4250 821 4317 III
851 4251 1000 4317 449.

741 4354 1015 4437 Tempus
1059 4356 1178 4419 erit
1220 4375 1343 4437 quo
1396 4357 1476 4438 (v.
1530 4356 1674 4439 47):
1726 4358 1797 4421 A.
1846 4375 1900 4422 a.
1957 4357 2056 4420 III
2101 4358 2214 4432 69;
2259 4358 2327 4425 F.
2359 4357 2415 4422 V
2444 4358 2591 4436 497,
2640 4358 2673 4421 I
2726 4357 2907 4437 529,

534 4454 685 4521 Her.
721 4454 780 4519 X
817 4457 891 4539 7,
937 4457 1043 4522 Tr.
1076 4457 1167 4523 IV
1198 4458 1258 4523 8.
1291 4458 1393 4535 25,
1433 4460 1517 4541 (3.
1551 4460 1687 4541 55).
