3371 5070
1456 383 1880 447 ..10-

485 563 565 647 P.
621 562 883 630 Ovidius
927 565 1001 630 de
1048 564 1271 631 Pulicc

653 667 752 733 D⁰
921 669 996 734 de
1044 669 1461 737 Mirabilibus
1506 672 1738 736 mundi

654 771 752 838 D⁰
923 772 998 837 de
1048 773 1480 841 Medicamiue
1520 778 1720 858 faciei

923 874 998 938 de
1045 876 1476 944 Medicamiue
1521 878 1739 944 Sardi.

692 977 1030 1059 Inscriptio
1075 979 1302 1058 libelli,
1348 1000 1535 1064 quem
1579 984 1943 1065 tractamus,
1984 984 2135 1051 haec
2182 992 2277 1052 est
2310 991 2557 1056 exarata
2589 1009 2626 1055 a
2656 1012 2739 1060 m.
2776 994 2847 1058 1:

900 1082 1093 1163 Iuciio
1138 1075 1215 1148 o'.
1260 1084 1336 1149 de
1381 1085 1747 1150 medicamie
1787 1087 2020 1169 faciei;
2066 1091 2332 1156 subscr.:

896 1184 1192 1267 Explicit
1237 1178 1345 1251 lib'
1391 1188 1466 1251 de
1509 1175 1873 1268 medicami}
1913 1191 2125 1272 facici.

692 1288 979 1355 Codicem
1024 1288 1652 1356 Cheltenhamianum
1717 1298 2005 1358 accurate
2062 1295 2331 1360 contulit
2397 1299 2477 1363 H.
2525 1298 2587 1364 S.
2636 1300 2850 1367 Sedl-

489 1410 761 1476 mayer,
809 1389 949 1458 cur'n
997 1395 1141 1460 ante
1185 1394 1296 1458 hos
1352 1394 1471 1461 duo
1518 1414 1713 1460 annos
1758 1401 1820 1461 in
1857 1397 2185 1463 Britannia
2229 1402 2589 1474 morabatur
2618 1405 2850 1471 missus

490 1494 568 1560 ab
615 1496 933 1562 academia
976 1497 1335 1562 litterarum
1382 1497 1940 1581 vindobonensi⁵).

1146 1683 1214 1752 3.
1264 1684 1351 1752 De
1401 1686 1630 1755 codice
1681 1685 2088 1772 taurianensi
2139 1688 2205 1758 Ι..

696 1822 896 1888 Codex
942 1823 1376 1908 Lugdunensis
1426 1826 1574 1908 (Ma.
1609 1825 1807 1890 Periz.
1841 1826 1906 1889 in
1954 1827 2026 1907 Q.
2066 1828 2156 1910 7),
2204 1829 2563 1896 chartaceus
2616 1834 2854 1900 saeculi

491 1926 649 2006 XV„
695 1926 1160 2003 miscellaneuS,
1231 1927 1572 1993 secundum
1630 1929 1986 2011 catalogum
2038 1930 2186 1996 bibl.
2235 1933 2403 2014 publ.
2450 1933 2618 1999 univ.
2681 1936 2852 2019 Lug·

493 2030 958 2096 duno-Batavae
1007 2047 1062 2095 a.
1117 2030 1280 2096 1716
1328 2050 1386 2112 p.
1434 2032 1565 2097 494
1607 2032 1757 2096 haec
1802 2033 2110 2099 continet:

697 2131 1088 2215 Pomponius
1135 2133 1316 2197 Mela
1334 2185 1350 2218 ,
1410 2133 1721 2201 Lentulus
1764 2136 1839 2200 de
1880 2136 2094 2216 forma
2142 2136 2414 2219 Christi,
2474 2139 2736 2206 Ovidius
2779 2141 2853 2208 de

496 2238 675 2302 Nuce
729 2241 786 2301 et
843 2235 978 2321 (fol.
1024 2236 1304 2318 47-48)
1380 2240 1452 2300 dc
1524 2237 1956 2304 Medicamiue
2016 2238 2212 2320 faciei
2267 2242 2364 2322 (ut
2424 2242 2669 2309 videtur
2721 2245 2855 2311 sine

490 2342 940 2425 inscriptione),
1003 2341 1359 2408 Christiani
1403 2342 1732 2426 Anonymi
1780 2343 2139 2409 Chronicou
2181 2346 2261 2410 ab
2306 2351 2451 2410 ortu
2491 2349 2725 2413 muudi
2768 2349 2855 2414 ad

491 2443 690 2530 Reyes
753 2433 1154 2510 Ptolemaeos
1249 2448 1327 2510 ad
1372 2446 1566 2512 Nucis
1610 2448 1851 2512 textum
1898 2467 2037 2512 eum
2085 2449 2157 2513 ut
2201 2450 2380 2515 notae
2424 2451 2698 2532 optimae
2742 2453 2855 2519 ad·

493 2549 702 2614 hibuit
746 2550 925 2618 Aem.
972 2550 1286 2615 Baehrens
1331 2550 1374 2616 1.
1424 2570 1476 2617 c.
1522 2550 1837 2615 Libellum
1883 2553 1958 2617 de
2003 2555 2161 2618 med.
2210 2553 2254 2617 f.
2301 2552 2365 2617 in
2414 2573 2624 2619 meum
2672 2574 2856 2621 usum

503 2652 968 2718 accuratissime
1028 2652 1293 2718 contulit
1351 2654 1794 2720 Universitatis
1853 2655 2289 2737 Lugdunensis
2350 2656 2853 2724 bibliothecarius

499 2755 992 2822 humanissimus
1039 2756 1140 2820 W.
1190 2754 1270 2821 N.
1316 2755 1411 2820 du
1457 2741 1675 2820 Rieu.

699 2858 907 2936 Libri,
951 2859 1060 2941 qui
1106 2858 1234 2923 iam
1281 2862 1630 2940 sequentur,
1678 2876 1896 2924 omnes
1942 2861 2183 2925 textum
2228 2861 2366 2942 plus
2416 2863 2622 2926 minus
2684 2863 2857 2928 exhi-

501 2961 652 3026 bent
696 2963 1119 3026 retractatum.

987 3132 1057 3200 4.
1107 3132 1194 3200 ne
1241 3132 1473 3201 codice
1522 3132 1950 3217 neapolitano
2001 3133 2222 3218 priore
2273 3133 2371 3219 n„

704 3260 900 3327 Codex
967 3260 1421 3343 Neapolitanus
1490 3262 1653 3345 apud
1721 3262 2060 3329 Ianellium
2128 3281 2386 3329 numero
2456 3262 2700 3329 CCLXI
2761 3266 2860 3329 in-

498 3365 765 3450 signitus
834 3367 930 3429 est
1003 3367 1504 3431 membranaceus
1567 3368 1633 3432 in
1708 3366 1856 3432 folio
1924 3385 2114 3448 parvo
2188 3371 2483 3451 anguste,
2529 3372 2854 3434 *constans

704 3579 746 3648 ⁵)
767 3580 927 3633 'l'este
951 3578 1198 3646 catalogo
1222 3579 1279 3630 in
1304 3576 1629 3631 bibliotheca
1647 3577 1963 3646 Phillippsii
1989 3578 2152 3632 etiam
2180 3578 2321 3632 alius
2345 3578 2505 3633 codex
2542 3593 2673 3635 saec.
2699 3580 2859 3635 XIII.

501 3664 776 3721 continens
811 3664 1056 3718 libellum
1094 3663 1159 3717 de
1193 3662 1536 3717 medicamine
1574 3663 1728 3717 faciei
1766 3663 2100 3728 adservatur,
2139 3679 2299 3732 quem
2346 3680 2463 3718 cum
2501 3665 2626 3719 aliis
2662 3681 2691 3719 e
2726 3665 2857 3721 bibl.

501 3752 791 3805 Meermani
826 3754 1028 3805 emerat
1064 3749 1333 3819 Phillipps
1369 3750 1455 3817 (cf.
1485 3749 1884 3820 Intelligenzbl.
1916 3766 2038 3804 zum
2074 3750 2253 3819 Serap.
2280 3749 2474 3807 XXIII
2509 3754 2589 3804 n’.
2616 3755 2721 3819 23).
2776 3752 2865 3806 hic

498 3839 555 3892 in
591 3837 918 3892 bibliotheca
943 3836 1334 3891 Meermaniana
1368 3839 1412 3892 t.
1439 3836 1534 3891 IV.
1560 3853 1612 3906 p.
1638 3842 1737 3889 116
1776 3836 1890 3905 (qui
1926 3839 2106 3891 tomus
2141 3836 2432 3905 impressus
2476 3840 2559 3891 est
2599 3856 2649 3893 a.
2690 3841 2863 3902 1824),

498 3924 639 3979 unde
675 3924 1088 3992 descriptionem
1124 3923 1354 3992 sumpsit
1392 3923 1594 3977 Haenel
1630 3924 1734 3977 sub
1760 3923 1837 3976 n’.
1869 3926 2019 3989 1769,
2045 3923 2346 3992 insignitus
2372 3926 2454 3977 est
2489 3939 2709 3978 numero
2746 3928 2863 3987 663,

499 4010 558 4065 in
595 4010 880 4078 exemplari
916 4009 1149 4078 catalogi
1187 4009 1571 4080 Phillippsiani
1607 4009 1942 4063 Berolinensi
1978 4010 2056 4062 n⁰.
2081 4013 2200 4073 437,
2239 4024 2359 4063 cum
2397 4009 2603 4063 codices
2640 4025 2673 4062 a
2699 4008 2865 4062 Meet·

501 4112 656 4151 mano
694 4095 986 4164 comparati
1010 4096 1230 4149 seorsim
1255 4098 1616 4150 numerentur.
1654 4096 1847 4148 insunt
1872 4097 2050 4148 autem
2075 4094 2132 4148 in
2158 4109 2219 4149 eo
2243 4096 2533 4148 secundum
2559 4093 2865 4161 catalogum

501 4183 656 4238 haec:
693 4182 873 4239 Ovidii
909 4197 1146 4235 amorum
1185 4182 1241 4235 ll.
1278 4181 1382 4247 111,
1418 4180 1652 4234 eiusdem
1700 4180 1859 4249 pulex
1894 4183 1949 4233 et
1985 4180 2270 4243 somnium,
2305 4178 2543 4232 eiusdem
2588 4178 2653 4232 de
2689 4178 2865 4232 Ponto

504 4270 560 4322 ll.
588 4269 682 4333 IV,
721 4269 956 4324 eiusdem
994 4268 1059 4322 de
1094 4268 1278 4322 vetula
1313 4268 1371 4322 ll.
1397 4267 1502 4332 ΙΙΙ,
1540 4265 1682 4320 idem
1720 4267 1788 4321 de
1820 4266 2150 4336 philomena,
2186 4264 2250 4318 de
2275 4264 2619 4318 medicamine
2654 4264 2865 4317 aurium

503 4358 558 4408 et
594 4355 777 4424 faciei3
833 4355 976 4408 idem
1013 4355 1076 4408 de
1113 4355 1296 4408 cuculo
1332 4356 1386 4408 et
1422 4352 1486 4407 de
1523 4352 1692 4416 biria3
1746 4352 1979 4408 eiusdem
2034 4353 2165 4406 artis
2219 4351 2512 4405 amatoriae
2556 4350 2694 4405 liber
2729 4350 2775 4406 1.
2811 4355 2867 4407 et

503 4440 762 4495 nonnulla
797 4457 857 4494 ex
893 4440 1031 4494 libro
1068 4440 1144 4495 II.
1184 4440 1341 4494 Hunc
1377 4439 1609 4493 codicem
1647 4438 1905 4507 inspicere
1942 4455 2046 4493 non
2083 4436 2321 4507 contigit
2360 4436 2719 4506 Sedlmayero.
