3371 5070
1451 900 1973 1011 Appendix.

739 1232 894 1297 Cum
961 1229 1062 1293 hic
1125 1229 1375 1294 libellus
1439 1229 1568 1293 iam
1634 1228 1806 1311 prelo
1875 1231 2036 1293 esset
2100 1228 2433 1305 subiectus
2500 1229 2890 1294 Henricus

537 1334 1071 1403 Schenkelius
1130 1352 1336 1411 meus,
1407 1333 1512 1413 qui
1561 1350 1755 1414 nuper
1799 1331 2346 1399 Franco-Galliam
2391 1334 2454 1396 et
2498 1332 2893 1397 Britanniam

533 1439 889 1523 peragravit
927 1435 1189 1499 duorum
1223 1433 1523 1511 codicum,
1557 1433 2032 1498 Menteliani
2076 1435 2138 1497 et
2183 1433 2628 1514 Bodleiani‚
2677 1438 2754 1500 ad
2789 1455 2889 1500 me

531 1541 706 1606 misit
750 1537 1127 1616 collationes,
1175 1554 1328 1619 quas
1377 1555 1517 1601 cum
1561 1536 1944 1600 adnotationi
1990 1536 2242 1600 criticae
2273 1539 2587 1602 commode
2621 1538 2892 1604 intexere

535 1663 656 1710 non
701 1661 961 1727 possem,
1007 1641 1125 1704 huc
1169 1639 1509 1704 reiciendas
1558 1657 1690 1703 esse
1737 1638 1975 1720 putavi.

741 1744 942 1810 Codex
987 1743 1099 1806 Me
1119 1741 1575 1820 ntelianuS‚
1622 1760 1805 1824 quem
1849 1743 1926 1807 ad
1976 1760 2074 1806 vv.
2110 1742 2190 1805 21
2225 1747 2287 1806 et
2330 1745 2409 1808 51
2445 1750 2891 1810 commemorat

533 1851 611 1916 N.
657 1846 968 1928 HeinsiuS‚
1014 1865 1175 1910 nunc
1221 1845 1582 1910 adservatus
1626 1845 1693 1908 in
1719 1843 2104 1910 bibliotheca
2133 1845 2419 1910 Parisina
2449 1846 2563 1911 sub
2598 1845 2672 1910 n⁰
2698 1849 2890 1931 7994,

535 1959 628 2019 est
694 1952 1200 2017 membranaceus
1261 1966 1418 2013 saec.
1474 1947 1654 2013 XIII.
1714 1947 1931 2013 insunt
1994 1948 2061 2012 in
2122 1966 2190 2012 eo
2255 1950 2595 2014 secundum
2654 1952 2889 2016 catalo-

533 2076 682 2139 gum
722 2053 973 2138 (Melot,
1041 2052 1131 2116 IV
1175 2073 1234 2136 p.
1281 2052 1433 2133 419)
1497 2052 1676 2117 haec:
1752 2053 1805 2115 1.
1852 2052 1925 2116 P.
1976 2050 2185 2117 Ovidii
2243 2051 2511 2117 Nasonis
2570 2055 2891 2139 Heroides,

533 2161 592 2224 2.
638 2158 930 2224 Eiusdem
975 2158 1279 2221 Amorum
1325 2156 1393 2221 ll.
1441 2157 1601 2233 treS‚
1672 2156 1731 2220 3.
1778 2155 2072 2219 Eiusdem
2116 2156 2211 2220 De
2268 2157 2399 2220 arte
2461 2175 2583 2222 am.
2630 2157 2696 2222 ll.
2747 2159 2892 2238 treS‚

533 2263 595 2327 4.
642 2261 941 2326 Eiusdem
986 2261 1077 2323 De
1123 2257 1388 2323 remedio
1453 2258 1680 2321 amoris
1727 2258 1795 2321 ll.
1846 2258 1987 2334 duc,
2054 2257 2113 2323 5.
2164 2257 2458 2324 Eiusdem
2506 2258 2766 2324 Carmen
2826 2263 2892 2325 iu

533 2365 694 2441 Ibin,
742 2363 802 2427 6.
851 2362 1144 2427 Eiusdem
1188 2361 1408 2444 Elegia
1452 2360 1526 2424 de
1572 2379 1750 2442 nuce,
1812 2362 1868 2425 7.
1920 2361 2054 2444 (fol.
2093 2363 2241 2445 112)
2290 2363 2583 2428 Eiusdem
2616 2363 2891 2429 Libellus

536 2468 610 2533 de
656 2465 1063 2531 medicamine
1109 2463 1289 2529 faciei
1338 2463 1586 2547 (inscr.:
1634 2463 1882 2545 Incipit
1927 2463 2122 2529 ouidi'
2168 2465 2241 2529 dc
2286 2451 2647 2530 medicamie
2690 2465 2893 2551 satiei,

538 2570 816 2636 subscr.:
860 2568 1153 2650 Explicit
1183 2568 1379 2632 ouidi'
1412 2567 1487 2632 de
1515 2553 1879 2633 medicamie
1906 2567 2090 2650 satiei
2118 2567 2301 2649 faciei
2330 2569 2468 2653 sic),
2502 2572 2562 2636 8.
2596 2570 2894 2636 Eiusdem

538 2674 882 2751 Somnium,
931 2674 990 2737 9.
1038 2671 1343 2737 Bernardi
1389 2669 1675 2736 Silvestri
1722 2691 2150 2757 megacosmus
2196 2676 2258 2738 et
2300 2675 2763 2739 microcosmus,

738 2762 937 2841 Codex
982 2774 1421 2856 MentelianuS‚
1469 2793 1656 2856 quem
1703 2794 1845 2839 cum
1890 2774 2300 2856 Neapolitano
2356 2777 2601 2858 (priore)
2653 2779 2717 2841 et
2762 2777 2894 2842 edi-

537 2878 702 2943 tione
747 2878 1148 2960 Naugeriana
1208 2878 1275 2941 in
1322 2877 1537 2943 libello
1596 2878 1672 2942 de
1738 2878 2144 2943 medicamine
2190 2879 2307 2944 fac.
2356 2880 2664 2962 optimum
2714 2880 2889 2945 duxit

534 2982 691 3047 Iahn
744 2984 814 3063 (t.
861 2983 940 3047 Il.
987 2980 1177 3062 praef.
1225 2999 1365 3063 pag.
1411 2979 1591 3061 XX),
1660 2981 1937 3063 proxime
1983 2980 2138 3044 mihi
2186 2981 2477 3046 accedere
2520 2983 2771 3047 videtur
2815 2984 2894 3047 ad

538 3086 806 3150 codicem
848 3082 1498 3159 Cheltenhamianum,
1559 3102 1743 3164 quem
1789 3085 2116 3164 tamquam
2160 3085 2435 3147 medium
2480 3084 2684 3150 locum
2731 3084 2893 3149 inter

539 3188 704 3253 Met
729 3187 994 3251 alteram
1016 3185 1319 3251 librorum
1343 3185 1646 3250 familiam
1679 3184 1955 3250 obtinere
1979 3203 2165 3267 supra
2188 3184 2480 3263 diximuS‚
2511 3204 2891 3270 quamquam

536 3290 821 3373 pluribus
867 3306 1054 3372 quam
1103 3285 1158 3353 G
1197 3288 1347 3352 locis
1395 3288 1642 3352 exhibet
1685 3286 1980 3352 lectiones
2025 3306 2061 3351 a
2105 3306 2295 3352 manu
2348 3288 2464 3353 illa
2522 3290 2888 3356 retractanti

539 3395 773 3459 illatas,
819 3391 929 3457 ubi
974 3392 1041 3456 in
1086 3392 1166 3455 iis
1214 3410 1369 3474 quae
1417 3390 1664 3457 exhibet
1696 3390 2069 3455 carminibus
2117 3390 2401 3456 codicum
2447 3392 2891 3459 recensitorum

537 3495 813 3562 familiae
857 3494 1162 3560 rationem
1208 3495 1420 3560 haberi
1467 3514 1537 3558 ex
1581 3513 1701 3558 usu
1746 3512 1877 3558 esse
1938 3493 2270 3572 videbitur,
2317 3494 2542 3578 dignus
2589 3495 2742 3578 erit,
2790 3495 2897 3578 qui

539 3598 927 3680 inspiciatur.

739 3700 938 3766 Codex
984 3700 1470 3766 Bodleianus
1519 3701 1731 3778 (Auct.
1780 3700 1861 3768 F.
1908 3705 1969 3764 4.
2016 3704 2130 3781 24)
2177 3703 2535 3766 chartaceus
2566 3719 2721 3765 saec.
2755 3700 2894 3766 XV.

539 3803 745 3869 Ovidii
812 3805 1089 3868 carmina
1156 3805 1460 3869 amatoria
1527 3806 1770 3887 aliaque
1839 3806 1970 3869 eius
2033 3805 2313 3870 carmina
2381 3804 2731 3885 complexus
2788 3803 2895 3869 fol.

540 3908 691 3973 144¹>
736 3926 866 3990 sqq.
917 3906 1167 3971 exhibet
1224 3908 1540 3973 Libellum
1597 3910 1672 3973 de
1729 3909 1895 3974 med.
1942 3908 2057 3972 fac.
2105 3906 2514 3988 inscriptione
2556 3906 2673 3971 hac
2715 3925 2895 3989 prae-

538 4011 687 4077 fixa:
723 4009 798 4074 P.
834 4009 1052 4074 Ouidii
1084 4008 1371 4075 Nasonis
1393 4010 1467 4074 de
1492 4010 1925 4075 Medicamine
1944 4011 2149 4091 satiei.
2184 4010 2306 4074 Hic
2334 4010 2511 4088 liber,
2544 4010 2663 4075 etsi
2693 4011 2896 4094 magis

541 4132 725 4196 quam
757 4113 943 4177 ceteri
970 4112 1153 4178 huius
1186 4114 1410 4178 aetatis
1443 4132 1584 4179 cum
1618 4113 1709 4177 M
1717 4112 1771 4179 G
1780 4112 1838 4177 L
1869 4115 2170 4196 congruit,
2204 4116 2414 4177 tamen
2449 4116 2511 4176 et
2545 4114 2896 4178 communi·

543 4216 654 4280 bus
699 4216 829 4280 illis
876 4215 1132 4281 alterius
1181 4216 1463 4283 codicum
1511 4217 1788 4282 familiae
1830 4217 2005 4281 vitiis
2053 4222 2115 4282 et
2159 4216 2394 4299 passim
2439 4216 2714 4282 inventis
2774 4217 2900 4282 sin-

555 4320 873 4402 gularibus
921 4323 1012 4383 est
1055 4320 1442 4400 inquinatus
1470 4320 1562 4383 ita
1591 4322 1663 4384 ut
1693 4320 1934 4386 nullam
1966 4319 2093 4385 fere
2125 4321 2256 4384 eius
2287 4319 2725 4385 auctoritatem
2764 4338 2899 4387 esse

539 4423 767 4503 pateat.
822 4423 1155 4504 singularis
1199 4425 1378 4489 lectio
1414 4444 1469 4491 v.
1501 4423 1581 4487 41
1616 4423 1943 4505 reliquerit
1987 4443 2095 4507 pro
2139 4427 2459 4489 removerit
2491 4423 2650 4487 forte
2683 4442 2756 4486 ex
2784 4424 2900 4495 hoc
