3371 5070
1501 412 1922 478 -29-

459 642 477 654 .
520 618 579 657 ·v.
619 608 685 655 64
722 618 842 656 erue
871 616 980 668 pro
1015 617 1165 665 exue,

529 704 578 744 v.
617 694 681 741 65
717 688 916 741 herbae
942 702 1052 755 pro
1089 685 1217 750 ervi,

528 790 577 829 v.
616 778 682 827 65
722 773 1110 841 Sextantesque
1141 786 1251 840 pro
1289 770 1714 839 Sextantemque,

528 876 580 913 v.
617 864 684 913 66
721 859 811 914 hic
840 875 950 928 pro
984 859 1101 925 buc,
1142 862 1268 928 post
1295 874 1405 927 pro
1441 858 1581 926 plue,

529 962 579 999 v.
618 949 684 998 85
721 945 962 999 radianti
998 960 1215 1013 corpora
1250 945 1392 997 vitro
1419 960 1532 1012 pro
1567 942 1781 996 radenti
1819 958 2039 1012 corpora
2076 942 2240 1007 nitro,
2334 994 2338 1001 .

530 1048 582 1088 v.
623 1036 690 1084 92
726 1045 930 1099 queque
956 1046 1065 1099 pro
1098 1030 1354 1099 quinque.

738 1136 908 1201 Talis
961 1135 1155 1219 igitur
1215 1136 1497 1200 codicum
1568 1134 1799 1199 saeculi
1856 1133 2036 1197 ΧΠΙ.
2099 1133 2341 1200 indoles
2410 1152 2632 1199 novam
2701 1135 2887 1216 atque

533 1239 828 1305 audacem
889 1239 1096 1321 prodit
1157 1241 1367 1303 textus
1413 1237 1709 1303 Ovidiani
1776 1239 2229 1316 recensionem,
2276 1238 2452 1302 cuius
2500 1236 2783 1319 equidem
2830 1242 2892 1303 et

529 1342 644 1407 hoc
672 1342 1145 1425 deprehendisse
1186 1342 1348 1406 mihi
1380 1341 1589 1405 videor
1617 1341 1942 1406 indicium.
1991 1341 2054 1405 in
2101 1340 2416 1406 codicibus
2447 1340 2537 1426 N¹
2559 1339 2702 1404 RB
2721 1338 2888 1425 GN„

529 1448 588 1511 et
631 1444 1189 1511 Cheltenhamiano
1221 1445 1417 1508 altero
1450 1443 1557 1527 (cf.
1597 1463 1655 1524 p.
1695 1444 1794 1520 10,
1828 1446 1967 1511 adn.
2001 1444 2093 1527 5),
2127 1462 2386 1525 quorum
2433 1446 2640 1509 textus
2685 1445 2890 1509 mani-

525 1547 870 1614 festissima
914 1547 1100 1611 huius
1147 1546 1521 1611 recensionis
1564 1565 1714 1630 prae
1746 1566 1811 1611 se
1854 1547 2061 1612 ferunt
2094 1548 2377 1630 vestigia,
2426 1549 2571 1614 ante
2599 1548 2884 1613 libellum

527 1655 602 1718 de
647 1651 1055 1716 medicamine
1089 1648 1271 1715 faciei
1316 1651 1483 1713 inter
1513 1649 2101 1716 Pseudo-Ovidiana
2145 1652 2460 1717 antecedit
2503 1651 2888 1734 poematium

527 1755 608 1820 21
636 1772 948 1835 versuum,
968 1756 1128 1834 quod
1160 1753 1347 1835 vulgo
1372 1753 1445 1816 de
1473 1752 1887 1817 medicamine
1916 1754 2176 1818 aurium
2192 1756 2288 1819 vel
2311 1754 2496 1819 surdi
2510 1755 2761 1819 vocatur
2777 1751 2888 1835 ⁹³),

528 1856 594 1921 in
639 1854 949 1920 codicibus
994 1856 1204 1919 autem
1249 1853 1400 1938 ipsis
1457 1858 1647 1920 etiam
1702 1856 1775 1918 de
1823 1856 2069 1937 speculo
2113 1857 2502 1941 inscribitur3
2544 1857 2613 1921 in
2645 1855 2706 1921 G
2738 1856 2887 1921 haec

527 1959 850 2040 inscriptio
894 1957 1156 2040 legitur:
1243 1956 1506 2022 Ovidius
1549 1958 1624 2022 de
1667 1959 1944 2040 speculo,
2004 1961 2068 2024 in
2116 1959 2211 2024 R:
2262 1959 2477 2025 Ovidii
2520 1960 2595 2024 dc
2639 1958 2886 2041 speculo

522 2061 1000 2140 medicaminis;
1063 2062 1132 2125 in
1178 2063 1388 2127 codice
1434 2063 1849 2128 bibliothecae
1894 2065 2349 2146 Amplonianae
2415 2063 2511 2147 (n⁰
2560 2065 2638 2129 15
2683 2065 2750 2128 in
2797 2062 2885 2138 8⁰,

520 2165 703 2229 Kritz
750 2165 826 2228 n⁰
867 2155 1011 2242 49.>'
1041 2182 1196 2229 saec.
1244 2164 1417 2230 XIV.
1464 2167 1805 2231 secundum
1851 2165 2179 2250 Voigtium
2239 2166 2280 2230 1.
2329 2185 2380 2231 c.
2427 2186 2484 2249 p.
2533 2166 2617 2231 23
2687 2165 2887 2231 eidem

523 2268 701 2332 tituli
768 2270 898 2334 loco
944 2269 1285 2351 praefixum
1354 2273 1480 2334 est:
1559 2268 1820 2334 Ovidius
1884 2271 1958 2335 de
2013 2271 2476 2335 medicamento,
2565 2271 2632 2335 in
2676 2270 2884 2336 codice

524 2372 936 2455 Neapolitano
964 2373 1168 2454 priore
1213 2376 1417 2438 autem
1450 2373 1704 2438 libellus
1736 2377 1810 2439 de
1842 2375 2000 2439 med.
2032 2374 2074 2438 f.
2107 2375 2240 2457 ipse
2271 2375 2499 2438 mirum
2530 2373 2596 2438 in
2626 2374 2883 2438 modum

523 2474 924 2541 inscribitur:
993 2475 1149 2541 liber
1202 2474 1419 2540 Ovidii
1485 2475 1558 2540 de
1624 2476 1890 2558 specula
1981 2479 2143 2561 quod
2200 2479 2412 2544 autem
2481 2476 2737 2543 maximi
2795 2477 2888 2542 est

519 2580 840 2656 momenti,
889 2579 1185 2661 poematii
1231 2579 1404 2644 illius
1450 2579 1719 2645 disticha
1757 2582 1959 2663 prima
1991 2600 2092 2646 sex
2144 2581 2290 2662 (vid.
2326 2582 2467 2645 adn.
2501 2581 2638 2665 23),
2686 2582 2883 2645 metro

520 2683 790 2767 elegiaco
838 2683 1208 2766 composita,
1268 2686 1589 2765 tamquam
1646 2685 2096 2767 praefationem
2166 2685 2517 2768 corpusculi
2562 2684 2885 2748 cuiusdam

518 2785 1004 2851 medicaminum
1050 2786 1360 2851 continere
1412 2787 1717 2865 videntur,
1780 2806 1921 2852 cum
1982 2787 2265 2852 versibus
2311 2789 2562 2852 demum
2610 2786 2883 2869 13—21,

522 2889 708 2952 meris
740 2890 1135 2969 hexametris,
1172 2891 1246 2956 de
1275 2892 1522 2957 aurium
1553 2893 2001 2957 medicamento
2045 2894 2180 2973 ipso
2213 2893 2450 2975 agatur.
2497 2892 2648 2956 haec
2677 2893 2884 2956 omnia

520 2991 903 3072 probabilem
962 2994 1119 3058 mihi
1165 2993 1402 3059 faciunt
1446 2999 1866 3062 coniecturam
1907 2998 1980 3074 ei,
2029 2996 2308 3076 quiante
2353 2994 2671 3058 saeculum
2700 2993 2879 3058 XIII.

525 3092 734 3157 Ovidii
777 3097 1013 3158 textum
1062 3098 1404 3178 recensuit,
1455 3098 1518 3161 id
1564 3097 1760 3162 fuisse
1807 3099 2130 3163 consilium
2154 3146 2169 3173 ,
2229 3101 2299 3161 ut
2343 3101 2667 3178 tamquam
2713 3113 2881 3160 com-

726 3342 788 3410 ²³)
826 3342 906 3397 Cf.
940 3344 997 3399 L.
1039 3343 1276 3410 Mueller,
1313 3344 1451 3397 Mus.
1491 3343 1657 3396 Rhen.
1685 3341 1855 3398 XVlI.
1894 3348 1993 3398 257
2020 3359 2097 3412 sq.
2135 3343 2308 3398 Codex
2342 3345 2399 3402 R
2436 3344 2671 3400 disticha
2707 3346 2881 3415 prima

517 3442 604 3480 sex
642 3426 721 3482 sic
757 3430 998 3484 exhibet:

922 3516 1012 3569 Ne
1048 3516 1148 3569 tibi
1184 3516 1523 3583 displiceam,
1562 3516 1695 3585 qnia
1730 3517 1809 3570 sic
1843 3532 1962 3570 sum
1999 3532 2226 3586 corpore
2255 3535 2485 3586 parva-3,

936 3601 1165 3656 Ortulus
1197 3603 1301 3657 iste
1337 3602 1511 3658 brevis
1546 3604 1702 3656 mitia
1733 3619 1900 3671 poma
1931 3605 2086 3674 yerit.

924 3688 1189 3743 Plurima
1224 3689 1508 3744 doctorwm
1542 3695 1668 3744 swnt
1705 3693 1789 3744 hic
1825 3697 2054 3759 experta
2087 3693 2342 3759 priorum

928 3774 1097 3841 Hinc,
1138 3775 1319 3840 lector,
1356 3791 1555 3842 sumas,
1594 3794 1734 3845 quae
1768 3778 1996 3831 meliora
2028 3784 2209 3844 putas.

923 3859 1192 3914 Materies
1227 3867 1495 3917 monstrat
1530 3862 1643 3926 tibi,
1680 3879 1822 3931 quae
1856 3863 2223 3917 medicamina
2258 3869 2533 3927 constant,

930 3946 1109 4012 Teque
1144 3946 1278 4013 quid
1315 3948 1584 4015 amplecti,
1622 3949 1821 4017 quidve
1858 3965 2050 4003 cavere
2087 3950 2257 4006 decet.

925 4028 988 4084 Si
1022 4028 1200 4094 fueris
1237 4031 1403 4098 dives,
1441 4050 1582 4102 quae
1614 4040 1748 4088 sunt
1777 4036 2023 4102 pretiosa
2057 4036 2311 4102 require,-

921 4114 986 4169 Si
1020 4119 1256 4171 nummis
1291 4133 1494 4182 careaS,
1533 4120 1661 4189 eliye
1698 4120 1842 4188 quod
1878 4121 2078 4174 valeas.

922 4202 1040 4257 Nec
1077 4219 1177 4257 nos
1210 4211 1575 4274 contempnas,
1611 4208 1743 4262 viles
1778 4223 1899 4262 cum
1933 4206 2140 4262 videris
2174 4209 2395 4263 herbas.-

929 4288 1086 4359 Quod
1121 4292 1234 4346 leve
1270 4307 1575 4361 compona3‚
1609 4292 1881 4363 grandius
1917 4308 2026 4347 esse
2064 4296 2213 4352 solet.

945 4377 1205 4433 Caelestis
1239 4379 1497 4445 medicus,
1535 4381 1694 4434 cuins
1728 4394 1927 4433 manus
1962 4382 2149 4435 omnia
2176 4387 2395 4450 pensat,
2493 4449 2516 4460 s
2555 4429 2570 4434 ff,
2631 4411 2694 4450 ,f
2783 4414 2805 4422 -

916 4462 1249 4518 Mirandum
1274 4465 1484 4532 prodit,
1521 4464 1665 4532 quoa
1701 4464 1808 4518 tibi
1843 4462 1946 4517 vae
1985 4466 2113 4532 fuit.
2525 4463 2530 4470 ’
2632 4453 2666 4474 ”
2720 4455 2726 4470 “
