3371 5070
1526 405 1953 468 -74-

728 591 1050 672 Equidem,
1084 593 1375 674 quoniam
1408 592 1678 675 pinquis
1711 613 1937 656 marra
1965 612 2161 677 genus
2195 612 2437 658 murrae
2470 599 2564 658 est
2596 593 2914 676 proprium

555 693 661 771 (cf.
709 692 922 759 Celsus
969 695 1059 759 VI
1106 696 1163 759 7.
1208 696 1270 775 3,
1319 695 1523 761 Diosc.
1572 697 1604 760 Ι
1651 697 1791 776 77),
1860 699 2020 777 quod
2078 695 2261 760 facile
2323 695 2576 762 formari
2636 698 2910 778 potuisse

556 816 628 861 ex
672 798 975 862 attributo
1032 798 1304 880 pinquis
1369 799 1514 863 licet
1585 799 1812 880 conici,
1878 799 2155 880 suspicor
2228 798 2342 862 hoc
2408 818 2654 865 murrae
2714 818 2911 880 genus

555 901 901 964 tesselatim
948 920 1082 966 esse
1129 901 1533 967 venditatum.
1611 894 1806 985 κύβος
1865 902 2033 965 0111111
2093 902 2467 966 vocabulum
2525 921 2648 966 non
2709 903 2913 967 solum

557 1004 631 1068 de
674 1005 876 1086 figura
920 1005 996 1068 ab
1043 1005 1214 1068 omni
1258 1007 1432 1087 parte
1477 1005 1808 1087 quadrata,
1857 1007 1961 1069 sed
2010 1006 2205 1069 etiam
2251 1006 2326 1068 de
2376 1023 2648 1088 corpore,
2695 1005 2759 1068 in
2793 1022 2911 1086 quo

554 1108 735 1172 huius
801 1108 970 1172 modi
1038 1110 1238 1173 forma
1291 1111 1433 1189 plus
1502 1109 1711 1172 minus
1776 1108 2171 1190 conspicitur,
2241 1109 2615 1191 usurpatum
2679 1107 2912 1191 legitur

555 1210 718 1292 apud
775 1212 1107 1293 scriptores
1153 1230 1429 1294 graecos
1504 1213 1670 1292 apud
1729 1211 2128 1275 Athenaeum
2195 1210 2294 1274 III
2361 1230 2418 1292 p.
2477 1210 2647 1273 ll4a
2715 1228 2908 1293 panes

555 1313 811 1394 quidam
879 1314 1164 1391 quadrati
1231 1307 1414 1397 κύβοι
1484 1307 1783 1378 vocantur
1857 1313 1959 1396 (cf.
2006 1314 2187 1377 Phot.
2235 1332 2295 1393 p.
2351 1313 2492 1378 183.
2545 1315 2652 1376 ll:
2727 1305 2910 1399 κύβοι

552 1407 825 1491 πλάσεις
866 1413 1035 1491 τινὲς
1078 1406 1320 1500 ἄρτων·
1367 1407 1567 1491 οὕτως
1603 1407 1950 1496 mmmm
2021 1415 2171 1478 ibid.
2229 1414 2342 1479 VH
2387 1414 2569 1477 3240
2643 1417 2717 1479 de
2778 1414 2913 1477 fru-

553 1517 734 1582 stulis
783 1516 1134 1598 quadratis:
1197 1511 1272 1583 τὸ
1315 1508 1372 1582 δ’
1418 1509 1573 1584 ἄλλο
1635 1519 1822 1600 σῶμα
1889 1518 2025 1603 (τῆς
2071 1515 2315 1604 σηπίας
2358 1518 2469 1596 30.)
2538 1509 2912 1599 κατατεμὼν

556 1615 833 1696 πολλοὺς
876 1613 1134 1703 κύβους.
1162 1671 1178 1687 .
1206 1670 1220 1686 .
1279 1622 1451 1686 Eust.
1501 1641 1556 1702 p.
1614 1622 1777 1686 1396
1822 1624 1970 1685 extr.
2021 1625 2083 1684 et
2127 1623 2334 1704 Etym.
2384 1620 2472 1685 Μ.
2521 1640 2581 1702 p.
2619 1621 2761 1684 543.
2800 1621 2910 1684 19:

552 1717 742 1806 κύβος
785 1722 970 1788 πᾶσα
1017 1724 1240 1810 ψῆφος
1282 1716 1688 1808 τετράγωνος.
1758 1725 1923 1805 quod
1969 1728 2182 1788 autem
2230 1722 2491 1787 Ovidius
2559 1742 2667 1805 pro
2728 1740 2912 1787 voca-

553 1826 700 1892 bulo
762 1826 955 1892 latino
1022 1832 1251 1891 tessera
1307 1847 1528 1911 graeco
1593 1829 1779 1891 cubas
1824 1830 2044 1903 utitur,
2105 1829 2169 1892 id
2216 1846 2285 1892 eo
2333 1829 2517 1893 facile
2564 1832 2910 1910 excusatur,

553 1933 714 2011 quod
761 1951 892 1995 cum
936 1933 1003 1995 in
1050 1933 1268 1997 ceteris
1315 1932 1531 2007 rebUS,
1602 1934 1739 1995 tum
1786 1932 1849 1995 in
1894 1932 2001 2008 iis,
2064 1950 2215 2013 quas
2263 1931 2377 1995 hoc
2423 1931 2637 1995 libello
2682 1931 2913 1995 tractat

553 2034 763 2115 poeta,
846 2037 1145 2099 sermonis
1195 2036 1405 2118 graeci
1453 2035 1715 2099 eundem
1763 2035 1889 2098 fere
1934 2035 2165 2099 Romae
2211 2053 2396 2099 usum
2441 2035 2634 2099 fuisse
2680 2033 2911 2098 scimus

555 2135 765 2201 Ovidii
824 2137 1223 2219 temporibuS,
1272 2137 1376 2219 qui
1425 2139 1586 2219 apud
1635 2156 1743 2201 nos
1792 2139 1884 2201 est
1932 2137 2408 2221 franco-gallici.
2454 2137 2640 2218 atque
2685 2139 2756 2200 ut
2802 2152 2912 2199 nos

553 2241 667 2302 hoc
698 2240 948 2320 quidem
994 2260 1176 2304 sensu
1223 2241 1422 2304 dicere
1467 2241 1781 2304 malumus
1806 2239 2055 2304 Flaeon
2087 2260 2274 2322 quam
2308 2239 2376 2304 F
2378 2239 2601 2317 lasehe,
2648 2241 2741 2303 ita
2771 2237 2913 2304 Ovi-

555 2341 693 2405 dius
739 2342 1022 2406 modieus
1069 2343 1256 2406 cubas
1307 2362 1416 2425 pro
1466 2347 1714 2407 tessera.
1763 2345 1840 2408 cf.
1874 2347 2035 2424 quod
2077 2343 2246 2407 infra
2299 2345 2530 2427 legitur
2584 2342 2915 2407 marathus

556 2445 796 2510 dictum
826 2465 934 2527 pro
964 2446 1293 2526 foeniculo,

756 2550 1054 2624 Heinsius
1104 2571 1360 2614 wear-rae
1404 2552 1719 2616 notionem
1767 2572 1839 2615 ex
1884 2553 1997 2616 hoc
2045 2570 2225 2616 versu
2257 2551 2440 2633 plane
2488 2550 2914 2632 expellendam

554 2672 683 2717 esse
730 2653 985 2731 censuit,
1041 2657 1199 2733 quod
1233 2653 1439 2735 paullo
1486 2656 1625 2735 post
1672 2671 1919 2718 murrae
1964 2653 2142 2718 fieret
2188 2654 2439 2719 mentio,
2484 2655 2591 2717 sed
2637 2653 2803 2717 nihil·
2842 2672 2915 2717 ea

553 2776 649 2822 res
695 2755 967 2821 offendit.
1018 2755 1167 2819 dicit
1208 2755 1373 2818 enim
1408 2758 1605 2837 poeta,
1641 2755 1758 2819 etsi
1794 2774 2039 2820 murrae
2078 2776 2187 2838 per
2222 2774 2288 2819 se
2334 2755 2917 2839 sufficiant‚tamen

552 2859 746 2926 satius
793 2878 922 2922 esse
967 2859 1279 2922 marathos
1326 2860 1400 2922 iis
1447 2858 1701 2934 addere,
1765 2876 1914 2940 quos
1972 2858 2026 2922 si
2086 2858 2377 2923 adhibere
2427 2859 2615 2938 velis,
2663 2862 2915 2924 novenis

552 2980 794 3027 murrae
838 2962 1125 3044 scripulis
1174 2962 1363 3042 quina
1409 2961 1835 3024 marathorum
1879 2980 2009 3025 esse
2056 2962 2396 3026 adicienda.

758 3065 1100 3131 Genuinam
1136 3065 1307 3130 verbi
1353 3083 1565 3128 murra
1611 3065 1981 3146 scripturam
2021 3065 2125 3147 (cf.
2154 3065 2252 3129 W.
2288 3066 2658 3144 Brambach‚
2687 3066 2907 3130 Hiilfs-

554 3168 844 3233 bfichlein
890 3173 1111 3250 etcsp.
1161 3170 1268 3234 49)
1319 3189 1415 3234 vr.
1463 3167 1565 3244 88,
1615 3169 1719 3245 91,
1768 3168 1849 3231 92
1898 3173 2223 3233 servarunt
2271 3169 2513 3233 codices
2563 3168 2731 3231 ML.

758 3290 828 3353 In
877 3310 936 3355 v.
971 3289 1052 3353 89
1083 3291 1222 3370 post
1265 3289 1596 3354 Heinsium
1640 3288 1832 3373 vulgo
1877 3289 2181 3352 eontriris
2227 3290 2456 3372 editur,
2492 3308 2632 3353 cum
2665 3292 2903 3354 veteres

549 3393 915 3473 interpretes
960 3395 1207 3470 tropum
1240 3390 1524 3472 systolen
1556 3392 1904 3455 statuentes
1936 3391 2320 3469 contriveris,
2355 3410 2542 3473 quam
2575 3393 2904 3457 lectionem

551 3494 699 3559 libri
729 3513 877 3558 mss.
904 3498 1150 3576 praeter
1176 3492 1263 3556 M
1275 3492 1329 3559 O
1369 3494 1675 3571 exhibent,
1713 3496 1908 3558 metro
1940 3495 2221 3576 neglecto
2256 3496 2549 3577 amplecti
2580 3514 2701 3559 non
2735 3495 2917 3561 dubi-

553 3596 858 3674 taverint3
936 3614 1046 3660 nos
1115 3595 1287 3658 istud
1364 3595 1602 3660 abicere
1680 3615 1804 3660 non
1867 3596 2314 3661 dubitabimus.
2390 3600 2550 3679 quod
2613 3598 2916 3664 Heinsius

553 3701 752 3769 voluit
798 3699 1095 3763 contrirz‘s
1141 3699 1364 3762 collato
1408 3699 1653 3763 Terent.
1702 3699 1953 3763 Phorm.
2005 3719 2058 3764 v.
2106 3700 2231 3764 318
2279 3701 2373 3783 (Π
2416 3704 2475 3765 2.
2519 3702 2609 3783 4),
2658 3701 2766 3767 ubi
2809 3701 2914 3764 in-

553 3803 726 3868 tristi
770 3803 1018 3888 legitur,
1065 3803 1224 3867 aliae
1271 3801 1462 3865 etiam
1510 3804 1780 3866 exstant.
1814 3802 2047 3868 formae
2092 3803 2237 3868 huic
2284 3803 2551 3870 similes:
2602 3804 2907 3879 CatulluS‚

549 3909 650 3974 66.
699 3909 812 3973 30:
860 3907 1046 3991 tristi,
1094 3904 1494 3972 Liv.11156.
1529 3907 1568 3971 8
1615 3906 1710 3989 (in
1757 3907 1942 3988 Appii
1990 3906 2236 3972 Claudii
2282 3908 2603 3988 oratione):
2658 3906 2900 3971 obtristi

548 4010 650 4093 (cf.
698 4010 978 4087 Ksihner,
1047 4006 1150 4075 Gr.
1208 4009 1319 4073 lat.
1389 4008 1420 4071 I
1477 4031 1535 4093 p.
1596 4010 1750 4087 503,
1821 4008 2013 4090 Neue,
2070 4012 2381 4075 Formenl.
2427 4013 2489 4075 H
2548 4012 2743 4092 513);
2805 4009 2913 4074 sed

548 4113 721 4178 aliud
767 4116 859 4177 est
927 4130 1230 4195 syncopen
1276 4112 1460 4176 huius
1509 4112 1677 4177 modi
1725 4114 1997 4177 statuere
2043 4116 2186 4177 ante
2251 4131 2541 4179 consonas
2588 4133 2649 4178 33
2693 4114 2790 4177 vel
2835 4115 2915 4195 st,

548 4216 717 4281 aliud
748 4219 891 4281 ante
925 4237 982 4279 r.
1031 4235 1173 4280 cum
1221 4215 1520 4280 conto-iris
1550 4217 1793 4298 possint
1839 4218 2180 4298 comparari
2209 4219 2445 4282 formae
2476 4218 2649 4295 siris,
2688 4216 2913 4292 siricis,

549 4321 806 4406 simileS,
855 4322 1066 4405 quales
1111 4319 1284 4385 Neue
1331 4321 1376 4384 l.
1422 4341 1472 4386 c.
1523 4341 1593 4386 ex
1638 4322 1862 4403 Ennio,
1908 4322 2203 4404 Pacuvio,
2252 4322 2474 4387 Plauto
2522 4322 2725 4399 affert,
2774 4339 2907 4384 eas-

547 4442 664 4505 que
709 4426 876 4505 ipsas
922 4424 1285 4505 plerumque
1330 4444 1362 4487 e
1410 4426 1760 4490 coniectura
1805 4425 2054 4507 petitas,
