3371 5070
1509 415 1937 481 -54-

749 604 827 668 In
872 622 931 667 v.
984 603 1065 667 12
1110 602 1287 666 nulla
1353 603 1604 667 omnino
1669 605 1881 684 potest
1948 620 2115 668 esse.
2148 601 2479 684 dubitatio,
2550 601 2701 685 quia
2759 619 2902 666 cum

544 705 719 770 libris
765 703 1162 771 scribendum
1207 705 1321 769 sit:
1376 705 1657 786 forsitan
1683 751 1700 767 .
1726 753 1740 768 .
1770 755 1784 770 .
1823 705 2166 770 maluerint
2182 754 2198 784 ,
2243 725 2365 771 non
2423 705 2899 788 plusquamper-

544 808 780 873 fectum
824 810 1070 890 tempus
1104 808 1484 889 maluerant,
1531 807 1695 890 quod
1726 827 1759 871 e
1789 807 2279 891 Guelferbytano
2311 809 2509 874 edidit
2537 806 2898 874 Merkelius.

546 910 627 978 cf.
673 912 817 977 Am.
863 910 896 974 I
942 910 1001 975 8.
1048 911 1166 976 39:

849 1012 1155 1077 Forsitan
1198 1013 1551 1077 inmundae
1600 1013 1786 1076 Tatio
1828 1019 2134 1097 reynante
2181 1014 2459 1079 Sabinae

938 1115 1279 1182 Noluerint
1324 1116 1557 1181 habiles
1595 1115 1895 1196 pluribus
1937 1136 2063 1181 esse
2106 1118 2286 1183 viria

745 1219 866 1286 Sed
890 1221 1181 1302 quoniam
1197 1212 1474 1300 forsitan
1490 1218 1801 1303 particula
1827 1220 2014 1301 plane
2030 1220 2161 1285 fere
2185 1221 2476 1303 neglecta
2500 1222 2591 1285 est
2615 1220 2680 1285 in
2701 1219 2905 1285 indice

541 1323 1008 1389 Burmanniano
1055 1359 1137 1369 -—
1183 1340 1381 1404 neque
1427 1324 1593 1388 enim
1628 1322 1771 1405 plus
1800 1341 1963 1387 unus
1999 1323 2171 1388 locus
2206 1323 2482 1402 affertur,
2530 1343 2603 1388 ex
2634 1323 2905 1406 epistula

542 1425 824 1509 Sapphus
875 1462 953 1473 -
1000 1425 1076 1491 ob
1121 1444 1255 1490 rem
1284 1443 1417 1490 esse
1451 1424 1701 1489 videtur
1744 1427 1913 1491 locos
1970 1423 2329 1506 OvidianoS,
2376 1426 2487 1490 ubi
2532 1446 2604 1493 ea
2649 1426 2898 1510 legitur,

543 1546 752 1594 omnes
801 1527 1091 1593 collectos
1133 1545 1472 1611 proponere
1490 1525 1593 1613 ³⁵).
1655 1545 1727 1592 ac
1768 1528 2000 1612 legitur
2048 1548 2120 1596 ea
2164 1529 2546 1595 consociata:

748 1633 802 1698 1.
850 1649 991 1696 cum
1037 1630 1433 1696 coniunctivo
1480 1632 1855 1714 praesentiat

748 1735 897 1799 Her.
943 1735 976 1798 Ι
1023 1733 1126 1818 77,
1170 1734 1265 1798 IV
1308 1735 1412 1810 53,
1461 1733 1584 1797 VII
1640 1735 1780 1816 131,
1826 1736 1886 1800 X
1946 1736 2048 1814 85,
2096 1735 2228 1800 XII
2278 1736 2422 1817 175,
2475 1735 2693 1801 XVIII
2756 1735 2899 1814 165,

541 1839 683 1921 [Ep.
720 1834 957 1920 ⁴Soapph.
1003 1837 1108 1919 5];
1155 1839 1371 1905 Amor.
1418 1836 1482 1901 Π
1527 1838 1586 1902 6.
1650 1837 1754 1916 28,
1800 1837 1900 1902 III
1956 1839 2013 1903 7.
2046 1839 2148 1918 36,
2194 1838 2290 1904 III
2342 1839 2403 1906 8.
2452 1840 2572 1923 21;
2619 1840 2759 1904 Art.
2782 1858 2904 1904 am.

537 1941 649 2017 III,
677 1942 837 2021 438,
894 1939 1056 2016 4473
1130 1940 1281 2005 Met.
1329 1941 1393 2005 II
1439 1940 1553 2019 76,
1631 1940 1689 2004 V
1735 1941 1893 2024 333,
1951 1942 2044 2006 IX
2102 1941 2260 2020 610,
2337 1941 2431 2007 XI
2495 1941 2660 2018 2913
2735 1943 2905 2007 Fast.

537 2047 601 2110 1Ι
647 2045 790 2125 381,
863 2044 961 2109 HI
1027 2044 1089 2120 3,
1146 2043 1203 2107 V
1247 2044 1406 2121 261,
1468 2043 1559 2107 VI
1627 2044 1742 2121 723
1822 2044 2014 2109 Trist.
2063 2046 2125 2110 II
2201 2045 2298 2124 19,
2376 2045 2475 2110 ΠΙ
2524 2044 2582 2112 7.
2631 2045 2733 2125 27,
2808 2044 2904 2109 IV

543 2150 598 2213 1.
645 2149 759 2232 3713
829 2149 920 2213 Ex
964 2147 1038 2211 P.
1084 2147 1117 2211 I
1160 2147 1220 2212 2.
1266 2148 1339 2228 5,
1397 2147 1459 2212 5.
1520 2149 1631 2227 63,
1680 2150 1739 2213 8.
1784 2149 1902 2224 69,
1948 2147 2041 2212 IV
2085 2149 2144 2214 9.
2214 2150 2367 2227 1313
2444 2149 2704 2232 forsan.-
2758 2149 2903 2214 Her.

537 2252 691 2318 XVI
739 2251 902 2337 2643
950 2251 1141 2319 Trist.
1188 2252 1220 2315 Ι
1267 2252 1325 2316 7.
1371 2251 1434 2335 9,
1482 2252 1550 2315 ΙΙ
1595 2251 1747 2317 331.

745 2356 807 2421 2.
855 2373 998 2420 cum
1044 2353 1443 2419 coniunctivo
1476 2354 1772 2436 perfecti:

742 2460 890 2524 Her.
937 2457 1155 2523 XVJII
1205 2457 1362 2540 123;
1398 2458 1547 2523 Am.
1592 2457 1625 2521 I
1668 2458 1729 2523 8.
1774 2458 1889 2537 39;
1961 2459 2052 2524 De
2100 2457 2261 2524 med.
2307 2456 2348 2521 f.
2401 2458 2510 2542 123
2578 2457 2730 2521 Met.
2780 2456 2900 2521 VH

538 2564 687 2643 815,
734 2562 803 2627 X
847 2562 1005 2643 56ος
1052 2562 1144 2626 Ex
1185 2563 1257 2627 P.
1302 2562 1406 2627 ΙΙΙ
1451 2563 1510 2627 9.
1559 2562 1620 2640 9,
1669 2562 1762 2627 IV
1806 2563 1866 2628 9.
1920 2562 2061 2627 120.

741 2668 802 2730 3.
891 2683 1033 2729 cum
1101 2667 1492 2730 coniunctivo
1572 2665 1923 2748 imperfecti
1994 2664 2096 2729 vel
2168 2663 2768 2747 plusquamperfecti
2831 2666 2898 2729 in

542 2769 796 2852 apodosi
829 2768 1067 2850 periodi
1110 2768 1549 2853 hypotheticae
1592 2769 1834 2833 irrealis
1881 2770 1979 2833 vel
2023 2768 2090 2831 in
2135 2766 2482 2846 sententiis,
2533 2787 2688 2850 quae
2719 2768 2905 2833 huius

539 2891 789 2938 sensum
834 2871 1102 2936 habent:

746 2974 896 3040 Her.
944 2974 1063 3038 XX
1111 2975 1183 3056 63
1258 2974 1410 3040 Met.
1459 2973 1612 3039 VIII
1655 2975 1805 3053 365,
1879 2973 1971 3039 IX
2027 2974 2173 3049 512,
2220 2974 2367 3052 666,
2441 2975 2536 3040 ΧΙ
2593 2974 2737 3053 760,
2783 2976 2907 3042 XII

541 3077 717 3154 193,
772 3079 940 3168 East.
990 3078 1051 3141 11
1093 3077 1254 3156 498,
1302 3077 1394 3142 IV
1440 3076 1600 3155 4653
1677 3076 1862 3141 Trist.
1911 3077 1946 3140 I
1988 3079 2050 3145 5.
2101 3077 2199 3155 18,
2276 3076 2373 3141 ΙΙΙ
2417 3077 2477 3140 4.
2530 3076 2643 3153 14,
2698 3078 2792 3143 IV
2835 3079 2897 3142 4.

538 3180 748 3263 54„V
791 3181 852 3246 5.
898 3180 1016 3259 543
1092 3181 1184 3245 Ex
1220 3180 1296 3252 P.
1345 3180 1442 3244 III
1486 3180 1546 3243 4.
1595 3180 1698 3259 28,
1748 3180 1841 3243 III
1888 3180 1949 3245 6.
1993 3180 2056 3259 4,
2103 3180 2253 3244 ibid.
2300 3181 2404 3247 41.

743 3282 803 3346 4.
851 3302 992 3348 cum
1027 3283 1366 3348 indicativo
1415 3282 1649 3348 futuri:

743 3386 890 3449 Her.
937 3385 1032 3449 IX
1080 3387 1222 3464 131,
1297 3385 1480 3452 XVII
1527 3385 1606 3450 17
1622 3408 1638 3469 ;
1712 3386 1855 3450 Art.
1917 3385 2106 3451 amat.
2153 3386 2188 3451 I
2230 3386 2378 3466 483,
2445 3388 2509 3452 H
2552 3386 2699 3469 286,
2744 3385 2893 3467 525,

540 3486 635 3551 ΙΠ
678 3487 826 3566 339,
873 3485 1031 3564 422;
1098 3489 1278 3553 Rem.
1325 3507 1448 3553 am.
1495 3489 1641 3566 237,
1688 3487 1850 3566 419,
1895 3488 2056 3565 4283
2103 3489 2256 3555 Met.
2305 3488 2455 3554 XIV
2504 3490 2661 3573 1503
2730 3490 2903 3555 Fast.

398 3617 402 3621 -
540 3590 636 3654 111
680 3589 844 3671 3183
893 3590 1082 3656 Trist.
1131 3592 1225 3655 111
1272 3589 1330 3655 1.
1379 3591 1481 3675 75,
1527 3591 1623 3656 111
1669 3591 1729 3657 8.
1781 3592 1879 3667 19,
1925 3588 2021 3655 1v
2050 3592 2110 3654 4.
2158 3591 2276 3674 473
2322 3592 2409 3655 Ib.
2457 3592 2574 3677 273
2619 3593 2709 3657 Ex
2751 3593 2822 3658 P.
2868 3593 2901 3657 1

544 3696 599 3757 1.
628 3692 740 3771 783
783 3693 1044 3774 forsan:
1088 3693 1237 3757 Her.
1284 3692 1451 3757 XIX·
1486 3694 1641 3776 1683
1689 3694 1795 3762 Tr.
1842 3695 1872 3757 I
1922 3696 1978 3759 1.
2027 3693 2129 3759 35.

749 3942 812 4002 ³⁵)
852 3941 1080 4009 Aliquot
1115 3940 1370 3994 Huebner
1407 3939 1627 4009 collegit
1661 3940 1720 3994 in
1745 3940 1974 3995 Hermae
1996 3942 2097 3997 vol.
2130 3941 2286 3999 XIII.
2324 3959 2375 4011 p.
2406 3947 2518 3997 182.
2557 3943 2615 3995 in
2654 3942 2893 3996 Eicherti

544 4026 716 4081 lexico
753 4025 1255 4093 Metamorphoseon
1292 4042 1625 4096 nequaquam
1666 4042 1847 4081 omnes
1884 4031 2011 4081 sunt
2046 4028 2240 4083 notati.

748 4112 943 4166 Nescio
980 4127 1084 4180 quo
1122 4116 1278 4180 pacto
1315 4112 1492 4167 dicere
1540 4115 1783 4183 potuerit
1819 4113 2575 4168 Wilamowitz-Mffllendorff
2605 4113 2663 4167 in
2700 4116 2902 4171 Comm.

538 4200 596 4252 in
634 4200 884 4253 honorem
909 4197 1230 4252 Mommseni
1265 4200 1481 4269 scriptis
1506 4216 1558 4268 p.
1585 4205 1703 4265 400,
1731 4200 1824 4254 ubi
1848 4200 1914 4254 de
1938 4200 2107 4255 Nucis
2142 4201 2399 4269 scriptore
2423 4200 2596 4268 agitz.
2617 4239 2630 4253 .
2652 4241 2664 4253 .
2703 4200 2897 4263 „mani-

539 4285 738 4338 festum
775 4288 856 4337 est
909 4283 1174 4337 indicium
1228 4286 1314 4339 vel
1368 4302 1534 4340 unum
1589 4286 1907 4340 vocabulum
1963 4287 2220 4340 miserum
2273 4286 2412 4340 illud
2456 4285 2728 4351 forsitan,
2764 4284 2909 4354 quod

541 4385 663 4423 cum
699 4369 940 4439 plerique
1004 4369 1508 4438 probatissimorum
1563 4374 1915 4442 scriptorum,
1968 4376 2091 4426 tum
2136 4371 2361 4450 Ovidius
2420 4375 2729 4426 constanter
2763 4373 2897 4425 vita·

539 4464 686 4508 runt.
721 4455 890 4509 Nucis
926 4456 1151 4525 scriptor
1187 4472 1219 4511 a
1254 4455 1484 4527 Virgilio
1521 4458 1762 4528 adripuit
1785 4498 1796 4510 .
1820 4500 1831 4512 .
1853 4458 1942 4513 ‚⁴⁴1
