3371 5070
1358 420 1778 488 ...19-

387 614 761 696 exhibetque
808 613 964 678 haec
1007 610 1287 683 carmina
1326 608 1570 684 Ovidiiz
1633 611 1691 675 1.
1736 609 1957 674 Artem
2015 608 2285 690 amandi,
2330 610 2395 679 2.
2438 608 2757 675 Libellum

390 719 472 784 de
512 716 928 783 medicamine
971 713 1154 781 faciei
1201 732 1343 780 cum
1404 713 1525 783 hac
1566 711 2007 794 inscriptionez
2081 710 2161 780 P.
2212 710 2428 778 Omnia
2471 710 2759 780 Nasonis

391 821 470 886 de
511 821 736 899 Facie,
806 821 871 887 3.
916 819 1133 884 Amor.
1178 819 1213 893 I
1255 818 1299 884 5
1367 815 1505 900 (Aa
1551 815 1905 882 Quinam
1961 815 2039 880 de
2095 816 2307 882 amica
2351 815 2438 881 ad
2481 817 2758 887 amicum

393 921 720 1007 veniente),
768 922 829 986 4.
876 921 1193 1000 Remedia,
1243 921 1304 987 ὃ.
1349 919 1517 987 Ibin.

602 1026 954 1108 Utrumque
999 1023 1536 1091 vindobonensem
1579 1025 1715 1107 ipse
1761 1022 2015 1090 contuli.

942 1212 1032 1285 ιε.
1078 1210 1172 1289 ‚ua
1219 1209 1453 1289 eodm
1498 1209 1708 1283 musas
1759 1158 2119 1289 Britannici
2167 1209 2227 1285 ι».

591 1351 666 1416 In
731 1349 1146 1416 bibliothecae
1212 1351 1412 1415 musei
1469 1349 1823 1414 Britannici
1880 1348 2238 1415 collectione
2301 1368 2460 1431 quae
2526 1348 2759 1417 dicitur

393 1453 728 1520 Sloaniana
756 1455 872 1519 sub
929 1452 1002 1518 n⁰
1044 1453 1170 1518 277
1217 1454 1586 1519 adservatur
1630 1452 1816 1517 codex
1857 1456 2370 1518 membranaceus
2414 1470 2568 1519 saec.
2616 1453 2755 1519 XV.

391 1561 847 1643 miscellaneae,
893 1560 1000 1641 qui
1028 1558 1192 1623 inter
1238 1560 1513 1623 carmina
1541 1556 2124 1622 Pseudo-ovidiana
2152 1555 2440 1623 libellum
2472 1556 2548 1622 de
2589 1556 2757 1622 med.

392 1663 436 1727 f.
464 1663 721 1728 exhibet
765 1661 1172 1742 inscriptione
1220 1661 1338 1726 hac
1381 1660 1679 1744 praefixa:
1730 1659 2268 1725 Medicamentum
2293 1661 2491 1744 faciei
2527 1658 2757 1725 Ouidii.

598 1781 768 1861 Quae
798 1784 1042 1864 praeter
1075 1799 1145 1846 ea
1168 1781 1274 1846 hic
1305 1781 1462 1846 liber
1492 1781 1825 1860 contineat,
1862 1780 2187 1847 edocemur
2230 1781 2536 1848 librorum
2569 1800 2759 1847 manu

398 1884 791 1971 scriptorum,
825 1887 931 1969 qui
970 1885 1125 1959 olim
1155 1885 1412 1955 fuerunt
1440 1883 1698 1965 Sloanii,
1731 1872 1940 1950 indice
1961 1882 2062 1969 1³),
2094 1886 2221 1951 ubi
2232 1886 2517 1969 singulae
2547 1887 2757 2012 partes

398 1987 490 2052 ita
532 1992 973 2053 enumerantur
1020 1988 1185 2053 male
1230 1987 1570 2071 dispositae
1614 1990 1676 2053 et
1719 1987 2090 2072 inscriptae.

591 2095 650 2157 1.
700 2090 973 2156 Carmen
1037 2091 1113 2157 de
1178 2091 1432 2156 cultura
1497 2090 1835 2171 hortorum,
1926 2095 1991 2159 2.
2050 2092 2127 2157 P.
2174 2093 2555 2158 Ammonius
2615 2096 2760 2182 (sic)

391 2192 680 2273 Serenus,
729 2215 987 2259 carmen
1029 2195 1104 2260 dc
1152 2195 1494 2277 medicina,
1545 2199 1607 2263 3.
1657 2194 1852 2261 Corn.
1902 2196 2182 2282 SeveruS,
2227 2197 2302 2262 de
2344 2201 2538 2262 morte
2584 2197 2759 2264 Cice-

394 2299 573 2361 ronis
619 2317 893 2374 carmen,
943 2302 1008 2364 4.
1059 2296 1336 2363 Carmen
1379 2298 1454 2363 de
1484 2297 1862 2363 Germanico
1892 2301 2235 2383 naviyante
2264 2321 2388 2382 per
2422 2301 2757 2378 Oceanum,

400 2399 461 2462 5.
481 2398 724 2463 Lucius
753 2399 1165 2482 Calpurnius,
1190 2401 1522 2480 Bucolica,
1551 2407 1608 2467 6.
1638 2406 1661 2462 (
1680 2410 1823 2466 orn.
1852 2401 2107 2467 Severus
2134 2402 2368 2493 [Eques
2384 2402 2758 2494 Romanus],

396 2500 471 2565 de
511 2502 728 2568 Aetna
763 2523 1007 2584 poema,
1085 2509 1146 2571 7¹.
1194 2504 1352 2588 Ibis,
1428 2508 1486 2571 8.
1533 2503 1759 2585 Puleoe,
1821 2511 1879 2573 9.
1923 2507 2025 2573 De
2067 2508 2221 2572 med.
2270 2507 2395 2589 fac.
2450 2508 2542 2591 (in
2586 2511 2756 2575 cata-

388 2606 532 2689 logo
578 2606 666 2670 11.
709 2627 769 2690 p.
807 2608 932 2672 823
979 2608 1260 2673 additur:
1311 2607 1516 2672 Puleoe
1558 2612 1614 2672 et
1657 2609 2180 2674 medicamentum
2222 2610 2417 2691 faciei
2434 2616 2760 2692 putantur

390 2727 513 2773 esse
579 2710 814 2782 codices
884 2710 1260 2795 illeyitimi),
1335 2718 1436 2777 10.
1488 2713 1666 2797 Nuoe,
1742 2718 1840 2778 11.
1898 2713 2201 2795 Epistola
2258 2714 2516 2779 Phaoni
2582 2715 2760 2796 apud

401 2810 712 2898 Ovidium,
790 2817 894 2879 12.
945 2814 1044 2879 De
1105 2814 1395 2893 Viryilio,
1440 2815 1709 2880 disticon
1770 2816 2052 2899 Viryilii,
2118 2821 2220 2880 13.
2270 2817 2618 2896 AlchimuS,
2665 2817 2753 2899 (2)

392 2917 497 2977 14.
549 2914 880 2981 Cornelius
894 2927 908 2941 ²
928 2916 1177 2996 Gallae,
1224 2917 1545 2998 Poemata,
1594 2920 1694 2983 15.
1732 2920 2057 3000 Quantum
2078 2924 2283 3001 potest
2321 2920 2610 3001 fortuna,
2658 2924 2756 2985 16.

396 3012 496 3076 Dc
548 3016 805 3104 Orphea,
850 3021 954 3083 17.
1002 3019 1102 3083 Dc
1146 3021 1290 3083 vino
1334 3026 1389 3083 et
1435 3020 1682 3098 Venere,
1728 3025 1829 3084 18.
1864 3021 1962 3086 Dc
2005 3020 2225 3100 ortale,
2271 3025 2371 3084 19.
2401 3020 2520 3085 ‘Dc
2551 3022 2757 3107 livore,

393 3119 504 3183 20.
550 3117 654 3183 De
682 3126 880 3184 cantu
912 3121 1243 3203 Syrcnum,
1291 3127 1392 3189 21.
1426 3123 1526 3188 Dc
1555 3124 1850 3205 moribus,
1898 3127 2009 3190 22.
2039 3124 2437 3208 Aryumenta
2467 3125 2540 3188 in
2573 3124 2759 3190 libros

399 3220 759 3296 Aeneidum
821 3223 1104 3310 Virgilii.

597 3324 1009 3391 Collationem
1066 3326 1249 3392 huius
1295 3326 1445 3391 libri
1492 3328 1944 3394 officiosissime
1987 3348 2224 3394 mecum
2274 3332 2756 3398 communicavit

393 3426 770 3510 Sedlmayer.

860 3632 949 3700 16.
1000 3633 1087 3701 De
1137 3633 1374 3703 codice
1427 3635 1835 3704 Berolinensi
1883 3638 2098 3729 altero
2145 3585 2318 3721 0¹³).-

595 3768 794 3834 Codex
852 3771 1274 3840 Berolinensis
1334 3773 1494 3839 alter
1553 3779 1691 3854 (me.
1737 3774 1918 3842 Dice.
1982 3779 2035 3841 b.
2085 3777 2347 3842 Santcn.
2393 3781 2463 3856 4)
2521 3777 2755 3840 formae

393 3873 724 3964 quadratae
769 3875 1128 3941 chartaceus
1156 3879 1461 3956 ,constans
1506 3878 1672 3944 foliis
1721 3882 1845 3945 190
1887 3880 2187 3965 (6—195,
2232 3880 2500 3962 quinque
2529 3879 2749 3961 primis

595 4126 661 4193 ¹²)
700 4123 999 4192 Getulogue
1032 4123 1094 4178 of
1127 4124 1221 4177 the
1256 4126 1615 4194 manuscripts
1650 4126 1929 4194 preserved
1965 4126 2022 4178 in
2047 4126 2139 4186 the
2167 4125 2377 4179 British
2406 4126 2673 4181 Museum.
2696 4165 2709 4178 .
2730 4164 2743 4177 .

390 4208 686 4272 collection
722 4210 781 4270 of
825 4210 911 4270 Sir
945 4210 1094 4270 Hans
1132 4211 1353 4266 Sloane.
1376 4250 1420 4266 ..
1468 4211 1540 4280 by
1575 4211 1626 4267 S.
1660 4211 1987 4286 ,Ayscough‚
2041 4211 2223 4266 Clerk.
2244 4252 2259 4268 .
2280 4251 2292 4265 .
2338 4211 2559 4268 London
2599 4215 2749 4279 1782,

399 4304 428 4347 Δ
472 4295 662 4448 voum)
701 4380 822 4435 Vid.
874 4381 1176 4436 Bethmann
1230 4383 1287 4436 in
1339 4383 1514 4436 Pertz’
1569 4381 1772 4437 Archiv
1818 4385 1918 4436 etc.
1956 4382 2115 4438 VIII.
2154 4389 2254 4438 852
2292 4398 2388 4451 sq„
2428 4384 2595 4453 Voigt
2630 4384 2664 4437 l.
2704 4399 2749 4441 c.

397 4480 447 4532 p.
485 4471 534 4533 3,
570 4466 776 4521 Merkel
814 4467 895 4521 ed.
933 4468 1096 4525 Trist.
1132 4483 1186 4535 p.
1222 4467 1469 4523 XXXIV.

2482 4556 2548 4608 2¹8·
