3371 5070
1488 422 1916 487 ...55—

724 614 785 679 5.
831 631 974 678 cum
1017 610 1358 677 indicativo
1403 610 1748 692 praesentis
1762 609 1878 696 ³⁶):

725 717 873 781 Her.
921 715 984 779 11
1033 716 1186 792 104,
1254 712 1601 792 XIX136,
1673 713 1839 790 141;
1911 715 2052 780 Am.
2101 714 2135 780 I
2180 714 2237 781 6.
2286 714 2402 794 45;
2483 717 2667 782 Trist.
2716 720 2749 784 I
2821 721 2881 785 1.

466 819 623 900 -69,
674 821 876 885 1113.
923 816 1024 897 25,
1074 818 1278 885 V10.
1323 818 1428 883 40.

730 922 791 987 6.
838 941 983 988 cum
1027 922 1220 986 indic.
1264 920 1450 1002 perf.:
1499 921 1645 985 Her
1677 922 1742 986 Π
1790 921 1900 997 14,
1949 919 2138 985 Trist.
2163 919 2220 983 V
2254 921 2354 986 10.
2401 920 2519 1004 503
2567 921 2656 986 Ex
2686 925 2758 989 P.
2787 923 2887 990 ΠΙ

519 1025 744 1111 4123
821 1024 910 1089 IV
960 1026 1016 1090 1.
1063 1024 1143 1089 27
1197 1022 1492 1108 (forsan),
1545 1024 1642 1088 13.
1696 1024 1806 1102 143
1855 1022 2007 1088 Met.
2053 1022 2113 1088 X
2154 1021 2302 1088 467.

728 1129 786 1194 7.
833 1147 976 1193 cum
1020 1128 1208 1193 indic.
1258 1126 1645 1209 imperfecti:
1693 1128 1865 1192 Fast.
1910 1126 1974 1191 II
2019 1126 2123 1192 97

726 1233 784 1298 8.
831 1253 974 1299 cum
1021 1232 1204 1297 indic.
1251 1230 1741 1315 plusquamperf.
1785 1230 2044 1313 forsan:
2088 1231 2192 1296 Tr.
2247 1230 2302 1295 V
2346 1232 2409 1297 5.
2454 1233 2498 1297 4
2528 1232 2642 1319 (Ρ).

722 1336 1002 1419 Reliquis
1067 1335 1220 1401 locis
1285 1334 1567 1418 forsitan
1618 1335 1893 1417 (forsan)
1964 1354 2105 1400 cum
2182 1333 2450 1417 singulis
2520 1335 2722 1401 verbis
2794 1342 2890 1402 est

521 1439 1057 1523 coniungendum.
2701 1462 2704 1467 ·

726 1546 877 1609 Her
926 1544 1146 1610 XVIII
1214 1545 1341 1622 573
1413 1543 1559 1608 Am.
1606 1542 1708 1607 111
1773 1541 2053 1618 6.1003
2122 1542 2275 1608 Met.
2334 1541 2453 1609 XV
2512 1542 2663 1622 135,
2724 1543 2890 1628 2573

520 1647 711 1712 Trist.
745 1647 808 1712 H
855 1646 1001 1725 575,
1048 1647 1149 1712 III
1195 1647 1254 1712 3.
1287 1648 1400 1724 873
1448 1645 1641 1711 ExP.
1679 1644 1869 1710 III3.
1903 1645 2005 1720 33,
2037 1645 2097 1712 5.
2145 1646 2248 1723 23,
2294 1644 2387 1708 IV
2418 1646 2480 1711 9.
2509 1646 2623 1731 393
2666 1646 2893 1729 forsan

518 1752 681 1814 nude
725 1769 833 1832 per
878 1752 1240 1832 seponitur
1283 1750 1386 1814 Tr.
1434 1748 1533 1814 III
1575 1748 1638 1814 5.
1681 1749 1746 1814 4.

727 1854 865 1919 Etsi
911 1854 1095 1919 huius
1126 1855 1244 1919 loci
1277 1871 1410 1918 esse
1439 1872 1564 1919 non
1596 1855 1800 1935 potest
1844 1853 2017 1917 certa
2059 1854 2135 1918 de
2180 1851 2381 1918 modis
2430 1870 2575 1917 cum
2601 1851 2884 1934 forsitan

521 1956 833 2039 particula
876 1957 1205 2043 iungendis
1251 1957 1398 2021 dare
1444 1960 1793 2040 praecepta,
1861 1960 2073 2020 tamen
2118 1955 2173 2021 si
2220 1959 2383 2038 quod
2427 1956 2602 2022 aliud
2646 1956 2880 2021 falsum

529 2078 662 2125 esse
706 2060 904 2137 video,
957 2063 1116 2144 quod
1163 2078 1309 2124 cum
1339 2059 1495 2125 alias
1528 2061 1668 2124 tum
1714 2061 1776 2125 in
1805 2058 2098 2124 Kfihneri
2143 2077 2412 2142 gramm.
2446 2060 2509 2123 II
2557 2062 2613 2123 1.
2660 2062 2718 2140 ξ.
2757 2060 2879 2124 147

519 2182 580 2246 p.
631 2162 759 2228 613
804 2181 895 2244 sq.
944 2164 1291 2245 exponitur,
1338 2164 1575 2245 poetas,
1644 2162 1753 2228 ubi
1822 2163 2257 2228 coniunctivus
2315 2163 2512 2227 metro
2558 2167 2880 2247 repugnet,

521 2267 937 2333 indicativum
979 2283 1223 2350 ponere.
1271 2267 1439 2330 certe
1485 2284 1643 2349 quae
1688 2267 1741 2330 is
1787 2264 2054 2348 protulit
2099 2266 2399 2347 exempla,
2471 2284 2559 2331 ea·
2590 2285 2663 2331 ex
2705 2270 2885 2349 parte

522 2389 645 2436 non
718 2371 842 2434 huc
917 2368 1196 2452 faciunt,
1275 2369 1449 2435 velut
1514 2369 1673 2433 illud
1742 2369 1895 2434 Met.
1970 2369 2088 2434 XV
2154 2369 2277 2434 135
2351 2368 2558 2450 (130):
2635 2369 2891 2433 victima

519 2473 792 2538 sistitur.
822 2520 834 2535 .
864 2519 880 2535 .
909 2520 922 2534 .
943 2489 1365 2553 percussaque
1409 2471 1723 2556 sanquine
1767 2472 1999 2538 cultros
2042 2471 2250 2555 inficit
2293 2471 2367 2535 in
2413 2471 2665 2554 liquida
2697 2492 2888 2553 prae·

520 2583 678 2641 visos
732 2577 1014 2658 forsitan
1059 2574 1270 2655 anda,
1317 2576 1427 2642 ubi
1468 2577 1749 2659 forsitan
1792 2577 2007 2658 utique
2052 2594 2195 2640 cum
2232 2575 2555 2655 praevisos
2602 2580 2693 2641 est
2740 2594 2892 2640 con-

522 2680 934 2765 iungendum.

726 2869 902 2949 Quod
951 2871 1011 2935 in
1044 2888 1102 2933 v,
1140 2870 1219 2933 13
1252 2870 1388 2955 Mv⁹
1434 2887 1545 2952 pro
1577 2888 1876 2950 premens
1920 2868 2210 2934 exhibent
2243 2869 2514 2951 prebens
2557 2867 2719 2932 falsa
2747 2884 2892 2949 pro·

522 2973 912 3037 nuntiatione
956 2976 1165 3037 ortum
1198 2990 1327 3036 esse
1358 2974 1564 3053 patet3
1611 2974 1806 3036 etiam
1837 2991 1894 3036 v.
1928 2973 2015 3037 90
2044 2972 2109 3036 in
2142 2971 2225 3036 M
2259 2972 2493 3054 legitur
2534 2969 2883 3052 prebendas

518 3094 629 3158 pro
650 3074 1065 3160 prernendns3
1111 3074 1344 3157 sedens,
1379 3075 1542 3156 quod
1580 3074 1669 3159 N¹
1706 3076 1975 3156 praebet,
2025 3092 2195 3139 mera
2224 3078 2318 3139 est
2347 3074 2587 3139 librarii
2620 3072 2885 3138 alicuius

519 3178 890 3245 coniectura.
925 3196 1066 3243 cum
1096 3177 1402 3243 locutione
1449 3176 1637 3241 sedile
1654 3196 1940 3257 premere
1971 3176 2047 3242 cf.
2081 3178 2234 3241 Met.
2267 3176 2317 3240 V
2351 3177 2511 3242 317:
2562 3174 2887 3257 Factaque

520 3287 593 3346 de
629 3282 765 3346 vivo
781 3299 1066 3368 pressere
1094 3280 1326 3345 sedilia
1354 3299 1510 3344 sacco
1543 3285 1650 3357 (sc.
1683 3278 2040 3361 nymphae).

726 3385 802 3449 V.
856 3386 936 3449 14
966 3384 1131 3467 quod
1161 3402 1193 3447 e
1224 3383 1428 3449 codice
1459 3382 1951 3466 Guelferbytano
1995 3383 2062 3447 in
2094 3383 2268 3448 textu
2299 3384 2506 3467 posuit
2537 3382 2885 3448 Merkelius

521 3488 854 3553 assiduam
881 3488 1040 3553 duro
1058 3488 1288 3570 pollice
1318 3487 1501 3552 nebat
1525 3506 1682 3568 opns
1703 3506 1811 3569 pro
1836 3487 2092 3552 assiduo
2117 3486 2352 3552 duram
2369 3509 2441 3569 p.
2468 3508 2534 3553 n.
2558 3507 2608 3553 o.
2636 3488 2885 3553 futilem

521 3592 740 3674 utique
788 3610 925 3657 esse
973 3591 1396 3657 coniecturam
1440 3591 1584 3655 luce
1627 3591 1771 3673 ipsa
1816 3593 1912 3655 est
1956 3590 2205 3656 clarius,

725 3695 800 3763 V.
851 3696 931 3761 16
974 3695 1134 3778 focis
1175 3714 1286 3779 pro
1315 3697 1451 3777 foco
1480 3694 1556 3759 ab
1589 3693 1773 3759 Italis
1805 3694 2054 3759 illatum
2086 3697 2180 3760 est
2210 3699 2459 3779 propter
2491 3694 2877 3777 frequentem

521 3799 783 3883 pluralis
829 3799 1014 3863 huius
1059 3799 1232 3864 verbi
1279 3817 1464 3863 usum
1508 3798 1675 3880 apud
1720 3795 2036 3876 Ovidium,
2085 3800 2161 3864 de
2206 3815 2324 3880 quo
2357 3796 2555 3862 fusius
2601 3816 2782 3880 agam
2813 3797 2881 3860 in

521 3902 719 3967 altera
761 3901 947 3965 huius
994 3902 1452 3966 dissertationis
1499 3902 1698 3983 parte.

731 4005 802 4069 V.
843 4005 917 4068 17
965 4004 1344 4086 pronominis
1382 4003 1715 4086 possessivi
1761 4004 1962 4069 forma.
2001 4006 2258 4082 vestrae,
2306 4020 2461 4085 quae
2506 4002 2886 4084 optimorum

521 4107 823 4173 librorum
868 4106 989 4170 fide
1033 4106 1274 4185 nititur,
1322 4108 1663 4190 elegantior
1709 4107 1867 4172 mihi
1912 4124 2045 4172 esse
2091 4106 2341 4171 videtur
2393 4124 2587 4189 quam
2640 4108 2889 4169 nostrae

523 4215 586 4276 et
630 4228 786 4292 quae
830 4208 1167 4274 iucundum
1213 4209 1521 4290 quendam
1567 4210 1771 4275 iocum
1829 4210 2162 4274 contineat.
2257 4209 2412 4274 adde
2482 4209 2676 4292 quod,
2747 4219 2889 4272 cum

732 4468 795 4534 ³⁶)
833 4468 898 4519 cf.
937 4466 1027 4522 Fr.
1067 4465 1185 4528 Le0,
1228 4465 1303 4517 De
1343 4464 1570 4519 Senecae
1608 4465 1898 4533 tragoediis
1935 4464 2072 4518 obss.
2110 4464 2230 4517 crit.
2269 4479 2321 4532 p.
2358 4464 2439 4519 63.
