3371 5070
1437 466 1859 530 -14—

468 653 833 737 cogallicam
878 654 1133 736 prodere
1176 653 1482 718 videntur.
1552 653 1737 717 codex
1783 654 2110 722 Gothanus
2158 654 2505 720 secundum
2547 655 2822 722 Jacobsii

467 757 530 819 et
585 755 823 840 Voigtii
892 756 1330 837 descriptiones
1347 753 1397 838 ⁷)
1447 757 1600 821 haec
1647 756 1958 821 continet:

464 876 594 940 Fol.
632 876 798 942 1--5
844 875 1236 958 Fraqmenta
1279 876 1705 958 epistularum
1749 897 1825 941 ex
1869 876 2091 954 Ponto,

513 1005 543 1042 n
635 980 848 1045 6-46
893 979 1223 1064 HeroideS,

510 1108 540 1146 n
631 1082 715 1148 46
764 1079 1075 1168 [Ovidius]
1132 1082 1206 1146 de
1261 1083 1506 1164 speculo
1552 1083 1592 1148 i.
1643 1103 1694 1149 e.
1742 1084 2131 1167 poematium
2171 1083 2328 1150 illud
2378 1085 2457 1150 21
2509 1103 2820 1165 versuum,

768 1185 929 1267 quod
975 1188 1163 1270 vulgo
1209 1186 1283 1251 de
1316 1185 1727 1259 medicamine
1757 1187 2019 1250 aurium
2063 1188 2163 1252 vel
2207 1187 2394 1252 surdi
2439 1188 2821 1266 inscribitur,

766 1289 985 1354 deinde
1030 1293 1169 1371 post
1200 1288 1495 1370 Eoeplicit
1541 1289 1615 1353 de
1658 1289 1901 1370 speculo
1916 1313 1938 1353 .·

509 1419 538 1457 η
630 1393 713 1458 46
768 1391 1010 1473 Incipit
1040 1392 1114 1455 de
1144 1391 1560 1456 medicamine
1601 1391 1813 1472 faciei,

508 1523 538 1561 n
629 1495 743 1560 47¹>
772 1494 1036 1559 Ovidius
1082 1499 1153 1558 de
1197 1494 1426 1559 Somno
1475 1496 1577 1576 (=
1618 1497 1831 1560 Amor.
1878 1495 2001 1560 ΙΙΙ.
2049 1495 2156 1578 5.),

506 1626 536 1662 n
627 1599 710 1663 48
755 1597 988 1680 Eleyia
1036 1597 1212 1678 Nux,
1261 1617 1449 1680 quam
1494 1599 1835 1663 secundum
1883 1598 2207 1680 Voigtium
2254 1601 2532 1680 sequitur
2564 1599 2817 1665 initium

764 1702 1119 1785 Physiologi
1165 1702 1532 1785 Theobaldi‚
2011 1692 2022 1699 ”

502 1833 532 1870 n
624 1805 703 1869 51
753 1803 1071 1886 Dialogus
1115 1805 1189 1868 de
1232 1824 1459 1886 amore,
1508 1805 1679 1868 cuius
1723 1804 1979 1868 initium
2026 1806 2165 1869 vide
2225 1809 2387 1887 apud
2449 1807 2816 1874 Jacobsium

761 1910 802 1973 l.
850 1926 901 1973 c.
949 1927 1006 1989 p.
1053 1908 1200 1972 248.
1270 1907 1510 1971 Ultimo
1580 1909 1710 1972 loco
1779 1912 1916 1989 post
1964 1907 2398 1972 Tetrastichon
2441 1909 2515 1974 de
2556 1910 2701 1990 fure
2742 1912 2815 1975 in

755 2011 951 2092 furno
1021 2011 1247 2075 latente
1302 2011 1533 2095 legitur
1595 2011 1827 2093 fabula
1902 2016 1973 2075 de
2047 2012 2226 2093 lupo,
2293 2033 2478 2095 quam
2525 2013 2812 2098 Voigtius

759 2114 973 2180 edidit.
1020 2115 1063 2180 l.
1112 2132 1165 2178 c.

656 2236 985 2300 Variantes
1040 2237 1224 2300 huius
1281 2234 1510 2299 codicis
1568 2234 1867 2300 lectiones
1933 2239 2010 2301 ad
2079 2236 2364 2301 libellum
2424 2237 2501 2302 de
2558 2238 2720 2303 med.
2767 2237 2809 2300 f.

453 2341 726 2402 enotavit
781 2342 877 2403 vir
935 2340 1331 2404 doctissimus
1386 2337 1485 2401 Fr.
1533 2338 1762 2404 Jacobs
1807 2338 1851 2402 1.
1899 2357 1950 2404 c.
1998 2360 2056 2421 p.
2106 2340 2264 2418 248,
2336 2359 2490 2422 quae
2559 2341 2806 2405 collatio

451 2439 685 2524 fugisse
734 2443 980 2507 videtur
1026 2440 1422 2505 Merkelium.
1487 2443 1727 2524 aliquot
1774 2461 1921 2507 sane
1968 2444 2121 2508 locis
2168 2461 2291 2508 non
2336 2444 2492 2508 satis
2547 2443 2806 2519 constat,

449 2545 597 2632 quid
643 2547 829 2610 codex
876 2545 1180 2622 exhibeat,
1229 2546 1371 2627 quia
1418 2546 1756 2613 Jacobsius
1807 2566 1929 2632 non
1973 2546 2236 2627 addidit,
2289 2566 2407 2630 quo
2454 2549 2630 2611 textu
2660 2565 2809 2611 usus

449 2648 533 2712 sit
578 2647 643 2712 in
690 2667 757 2713 eo
807 2650 1192 2713 conferendo,

1096 2854 1161 2921 8.
1211 2854 1299 2923 De
1346 2854 1577 2923 codice
1628 2853 2036 2923 Berolinensi
2090 2854 2158 2921 Β.

528 3085 531 3088 ,
651 3011 849 3078 Codex
906 3013 1328 3078 Berolinensis
1385 3013 1555 3095 prior
1626 3011 1785 3094 (Ms.
1844 3010 2024 3075 Diez.
2086 3009 2174 3075 B.
2237 3008 2423 3074 Sani.
2469 3014 2566 3089 1.,·
2638 3010 2805 3074 Mer-

443 3116 646 3181 kelius
691 3116 844 3182 falso
890 3114 986 3179 his
1032 3115 1404 3198 insignitum
1451 3134 1583 3180 esse
1631 3115 1816 3181 dicit:
1865 3116 1917 3179 b.
1943 3114 2032 3179 D.
2085 3119 2189 3196 (--·
2223 3113 2377 3178 bibl.
2412 3112 2609 3194 Diez.)
2655 3131 2802 3176 mss,

439 3218 550 3299 fol.
598 3240 664 3287 n.
706 3222 862 3299 123)
894 3217 968 3299 ⁸),
1033 3218 1570 3295 membranaceus,
1619 3222 1907 3286 constans
1955 3219 2122 3282 foliis
2172 3218 2320 3294 241,
2392 3236 2428 3281 a
2472 3215 2802 3279 Laurentio

442 3322 732 3388 Santonio
779 3340 935 3386 saec.
982 3321 1126 3386 XII.
1176 3323 1307 3385 erat
1352 3323 1757 3406 aestimatus,
1825 3321 2128 3386 Merkelio
2197 3320 2502 3403 posterior
2572 3320 2800 3384 codicis

440 3445 583 3509 pars
645 3444 765 3490 non
811 3428 941 3488 tam
1002 3426 1251 3488 vetusta
1311 3443 1442 3489 esse
1500 3425 1845 3490 videbatur.
1937 3425 2220 3507 equidem
2290 3443 2362 3487 ex
2429 3422 2800 3507 apographO,

441 3530 604 3612 quod
660 3530 737 3592 ad
781 3548 878 3592 me
935 3526 1112 3590 misit
1169 3528 1229 3595 J.
1281 3526 1339 3592 S.
1387 3529 1799 3593 Frankfurter
1844 3529 2097 3613 amicus,
2165 3545 2276 3608 pro
2346 3531 2512 3591 certo
2580 3526 2797 3603 habe0‚

439 3652 576 3698 eam
618 3632 765 3696 libri
812 3633 1086 3711 partem,
1137 3649 1291 3711 quae
1334 3631 1622 3695 libellum
1668 3632 1743 3695 de
1790 3633 1949 3696 med.
2000 3632 2041 3695 f.
2092 3630 2363 3712 exhibet,
2413 3648 2569 3694 saec.
2614 3629 2795 3693 XIII.

438 3756 586 3802 esse.
649 3736 958 3816 scriptura
1003 3733 1329 3798 simillima
1374 3739 1469 3800 est
1515 3735 1711 3799 codIci
1751 3734 2184 3800 Riccardiano.
2259 3737 2599 3799 secundum
2630 3732 2797 3797 indi-

439 3861 571 3905 cem
618 3839 958 3921 praefixum
1004 3842 1068 3904 in
1104 3840 1490 3905 Berolinensi
1534 3840 1752 3905 insunt
1797 3841 1978 3904 haec:

648 4097 687 4163 ⁷)
725 4096 794 4152 cf.
831 4095 1027 4150 Jacobs
1074 4099 1128 4150 et
1177 4096 1402 4160 Uckert,
1457 4097 1713 4165 Beitriige
1768 4114 1859 4150 zur
1912 4096 2089 4150 altem
2136 4094 2623 4163 Litteraturgesch.
2661 4094 2703 4150 1.
2745 4099 2793 4160 2,

437 4187 536 4236 247
573 4198 685 4251 sqq.
724 4185 781 4236 et
816 4182 880 4238 E.
920 4182 1091 4251 Voigt
1125 4184 1182 4236 in
1219 4184 1611 4248 dissertatione,
1667 4184 1752 4237 cui
1802 4184 2106 4251 inscripsit:
2162 4181 2445 4236 „Kleinere
2478 4179 2792 4234 lateinische

436 4268 756 4321 Denkmaler
794 4269 887 4322 der
924 4268 1213 4338 Thiersage
1249 4285 1344 4322 aus
1370 4270 1486 4322 dem
1513 4270 1758 4323 zwiilften
1787 4269 1871 4322 bis
1898 4269 2235 4322 vierzehnten
2261 4266 2294 4319 J
2298 4266 2446 4319 ahrh.
2475 4289 2538 4312 =
2566 4266 2791 4333 Quellen

436 4353 542 4406 und
595 4353 974 4424 Forschungen
1028 4372 1078 4407 u.
1119 4373 1160 4407 s.
1197 4357 1285 4420 w..
1334 4355 1768 4423 herausgegeben
1818 4372 1865 4410 v.
1904 4354 1965 4408 B.
2012 4354 2121 4409 Ten
2171 4352 2366 4416 Brink,
2424 4353 2505 4406 W.
2556 4353 2790 4417 Scherer,

433 4440 494 4495 E.
533 4439 864 4510 Steinmeyer
898 4440 1050 4494 XXV
1090 4443 1269 4509 (1878)
1305 4458 1360 4510 p.
1398 4447 1448 4495 3.

639 4530 682 4594 ⁸)
720 4527 1155 4595 confi-Tristium
1193 4527 1322 4585 edit.
1360 4544 1405 4581 a.
1447 4531 1577 4582 1837
1615 4527 1783 4596 praef.
1818 4543 1869 4596 p.
1908 4525 2102 4579 XXXI.
