<?xml version="1.0" encoding="UTF-8"?>
<!DOCTYPE html PUBLIC "-//W3C//DTD XHTML 1.0 Transitional//EN"
    "http://www.w3.org/TR/xhtml1/DTD/xhtml1-transitional.dtd">
<html xmlns="http://www.w3.org/1999/xhtml" xml:lang="en" lang="en">
 <head>
  <title>
</title>
<meta http-equiv="Content-Type" content="text/html;charset=utf-8" />
  <meta name='ocr-system' content='tesseract 3.04.00' />
  <meta name='ocr-capabilities' content='ocr_page ocr_carea ocr_par ocr_line ocrx_word'/>
</head>
<body>
  <div class='ocr_page' id='page_1' title='image "./povidiinasonisl01kunzgoog_0062.png"; bbox 0 0 3371 5070; ppageno 0'>
   <div class='ocr_carea' id='block_1_1' title="bbox 1516 413 1943 479">
    <p class='ocr_par' dir='ltr' id='par_1_1' title="bbox 1516 413 1943 479">
     <span class='ocr_line' id='line_1_1' title="bbox 1516 413 1943 479; baseline -0.002 -19"><span class='ocrx_word' id='word_1_1' title='bbox 1516 413 1943 479; x_wconf 72' lang='lat'>-52-</span> 
     </span>
    </p>
   </div>
   <div class='ocr_carea' id='block_1_2' title="bbox 548 591 2914 786">
    <p class='ocr_par' dir='ltr' id='par_1_2' title="bbox 548 591 2914 786">
     <span class='ocr_line' id='line_1_2' title="bbox 642 591 2914 686; baseline 0 -20"><span class='ocrx_word' id='word_1_2' title='bbox 642 661 646 666; x_wconf 85' lang='lat'><strong>.</strong></span> <span class='ocrx_word' id='word_1_3' title='bbox 750 602 930 666; x_wconf 86' lang='lat' dir='ltr'><strong>Adde</strong></span> <span class='ocrx_word' id='word_1_4' title='bbox 975 602 1137 683; x_wconf 88' lang='lat' dir='ltr'><strong>quod</strong></span> <span class='ocrx_word' id='word_1_5' title='bbox 1183 604 1245 666; x_wconf 87' lang='lat' dir='ltr'><strong>et</strong></span> <span class='ocrx_word' id='word_1_6' title='bbox 1296 619 1586 685; x_wconf 82' lang='lat' dir='ltr'><strong>graecum</strong></span> <span class='ocrx_word' id='word_1_7' title='bbox 1630 591 1842 686; x_wconf 76' lang='grc' dir='ltr'><em>ἀυτμή</em></span> <span class='ocrx_word' id='word_1_8' title='bbox 1886 604 1953 664; x_wconf 92' lang='lat' dir='ltr'><strong>et</strong></span> <span class='ocrx_word' id='word_1_9' title='bbox 1993 601 2261 665; x_wconf 88' lang='lat' dir='ltr'><strong>latinum</strong></span> <span class='ocrx_word' id='word_1_10' title='bbox 2307 619 2476 662; x_wconf 79' lang='lat' dir='ltr'><strong>aura</strong></span> <span class='ocrx_word' id='word_1_11' title='bbox 2518 599 2914 682; x_wconf 83' lang='lat' dir='ltr'><strong>splendorem</strong></span> 
     </span>
     <span class='ocr_line' id='line_1_3' title="bbox 548 699 2905 786; baseline -0.002 -17"><span class='ocrx_word' id='word_1_12' title='bbox 548 723 734 770; x_wconf 89' lang='lat' dir='ltr'><strong>sensu</strong></span> <span class='ocrx_word' id='word_1_13' title='bbox 779 704 880 768; x_wconf 86' lang='lat' dir='ltr'><strong>vel</strong></span> <span class='ocrx_word' id='word_1_14' title='bbox 924 703 1174 786; x_wconf 88' lang='lat' dir='ltr'><strong>proprio</strong></span> <span class='ocrx_word' id='word_1_15' title='bbox 1221 704 1321 770; x_wconf 90' lang='lat' dir='ltr'><strong>vel</strong></span> <span class='ocrx_word' id='word_1_16' title='bbox 1364 705 1670 770; x_wconf 84' lang='lat' dir='ltr'><strong>translato</strong></span> <span class='ocrx_word' id='word_1_17' title='bbox 1717 702 2062 786; x_wconf 81' lang='lat' dir='ltr'><strong>signifieat3</strong></span> <span class='ocrx_word' id='word_1_18' title='bbox 2134 702 2223 766; x_wconf 84' lang='lat' dir='ltr'><strong>sie</strong></span> <span class='ocrx_word' id='word_1_19' title='bbox 2270 699 2518 766; x_wconf 88' lang='lat' dir='ltr'><strong>Callim.</strong></span> <span class='ocrx_word' id='word_1_20' title='bbox 2566 702 2629 766; x_wconf 93' lang='lat' dir='ltr'><strong>in</strong></span> <span class='ocrx_word' id='word_1_21' title='bbox 2674 702 2905 786; x_wconf 82' lang='lat' dir='ltr'><strong>hymno</strong></span> 
     </span>
    </p>
   </div>
   <div class='ocr_carea' id='block_1_3' title="bbox 545 806 2915 2535">
    <p class='ocr_par' dir='ltr' id='par_1_3' title="bbox 545 806 2915 2535">
     <span class='ocr_line' id='line_1_4' title="bbox 553 806 1061 872; baseline 0 -1"><span class='ocrx_word' id='word_1_22' title='bbox 553 807 620 872; x_wconf 90' lang='lat' dir='ltr'><strong>in</strong></span> <span class='ocrx_word' id='word_1_23' title='bbox 664 806 849 872; x_wconf 85' lang='lat' dir='ltr'><strong>Dian.</strong></span> <span class='ocrx_word' id='word_1_24' title='bbox 904 808 1061 871; x_wconf 81' lang='lat'>117:</span> 
     </span>
     <span class='ocr_line' id='line_1_5' title="bbox 1592 883 2497 978; baseline -0.006 -20"><span class='ocrx_word' id='word_1_25' title='bbox 1592 884 1796 978; x_wconf 82' lang='grc' dir='ltr'><em>φάεος</em></span> <span class='ocrx_word' id='word_1_26' title='bbox 1839 884 1899 956; x_wconf 69' lang='grc' dir='ltr'><strong>δ’</strong></span> <span class='ocrx_word' id='word_1_27' title='bbox 1944 889 2207 976; x_wconf 74' lang='grc' dir='ltr'><strong><em>ἐνέηκας</em></strong></span> <span class='ocrx_word' id='word_1_28' title='bbox 2250 883 2497 975; x_wconf 75' lang='grc' dir='ltr'><em>ἀυτμήν</em></span> 
     </span>
     <span class='ocr_line' id='line_1_6' title="bbox 801 986 2549 1081; baseline -0.001 -22"><span class='ocrx_word' id='word_1_29' title='bbox 801 988 1169 1079; x_wconf 80' lang='grc' dir='ltr'>Ἀσβέστου,</span> <span class='ocrx_word' id='word_1_30' title='bbox 1202 1019 1239 1060; x_wconf 81' lang='grc' dir='ltr'><strong><em>τ</em></strong></span> <span class='ocrx_word' id='word_1_31' title='bbox 1258 986 1276 1013; x_wconf 85' lang='grc'><em>’</em></span> <span class='ocrx_word' id='word_1_32' title='bbox 1323 1001 1404 1081; x_wconf 84' lang='grc' dir='ltr'><strong>ῥα</strong></span> <span class='ocrx_word' id='word_1_33' title='bbox 1448 989 1701 1080; x_wconf 80' lang='grc' dir='ltr'><strong><em>πατρὸς</em></strong></span> <span class='ocrx_word' id='word_1_34' title='bbox 1743 986 2192 1075; x_wconf 79' lang='grc' dir='ltr'><strong><em>ἅποστάζουσι</em></strong></span> <span class='ocrx_word' id='word_1_35' title='bbox 2237 989 2549 1079; x_wconf 80' lang='grc' dir='ltr'>κεραυνοί.</span> 
     </span>
     <span class='ocr_line' id='line_1_7' title="bbox 755 1096 2736 1183; baseline -0.001 -20"><span class='ocrx_word' id='word_1_36' title='bbox 755 1097 944 1181; x_wconf 89' lang='lat' dir='ltr'><strong>Orph.</strong></span> <span class='ocrx_word' id='word_1_37' title='bbox 992 1101 1225 1183; x_wconf 86' lang='lat' dir='ltr'><strong>Argon.</strong></span> <span class='ocrx_word' id='word_1_38' title='bbox 1277 1098 1444 1163; x_wconf 87' lang='grc'>1219</span> <span class='ocrx_word' id='word_1_39' title='bbox 1488 1098 1562 1162; x_wconf 95' lang='lat' dir='ltr'><strong>de</strong></span> <span class='ocrx_word' id='word_1_40' title='bbox 1609 1097 1938 1181; x_wconf 88' lang='lat' dir='ltr'><strong>splendida</strong></span> <span class='ocrx_word' id='word_1_41' title='bbox 1980 1096 2187 1162; x_wconf 83' lang='lat' dir='ltr'><strong>Circes</strong></span> <span class='ocrx_word' id='word_1_42' title='bbox 2231 1097 2736 1178; x_wconf 74' lang='lat' dir='ltr'><strong>pulchritudine:</strong></span> 
     </span>
     <span class='ocr_line' id='line_1_8' title="bbox 808 1189 2850 1286; baseline -0.001 -22"><span class='ocrx_word' id='word_1_43' title='bbox 808 1196 1053 1284; x_wconf 83' lang='grc' dir='ltr'><strong><em>Στίλβε</em></strong></span> <span class='ocrx_word' id='word_1_44' title='bbox 1095 1199 1168 1265; x_wconf 77' lang='grc' dir='ltr'><strong>δὲ</strong></span> <span class='ocrx_word' id='word_1_45' title='bbox 1212 1195 1376 1266; x_wconf 73' lang='grc' dir='ltr'><strong><em>καλὰ</em></strong></span> <span class='ocrx_word' id='word_1_46' title='bbox 1423 1192 1755 1286; x_wconf 78' lang='grc' dir='ltr'><strong><em>πρόσωπα</em></strong></span> <span class='ocrx_word' id='word_1_47' title='bbox 1801 1195 2038 1284; x_wconf 82' lang='grc' dir='ltr'><strong><em>φλογὸς</em></strong></span> <span class='ocrx_word' id='word_1_48' title='bbox 2081 1195 2141 1265; x_wconf 79' lang='grc' dir='ltr'><strong>δ’</strong></span> <span class='ocrx_word' id='word_1_49' title='bbox 2187 1189 2579 1283; x_wconf 71' lang='grc' dir='ltr'><em>ἀπέλαμπεν</em></span> <span class='ocrx_word' id='word_1_50' title='bbox 2623 1191 2850 1285; x_wconf 70' lang='grc' dir='ltr'>ἀυτμή.</span> 
     </span>
     <span class='ocr_line' id='line_1_9' title="bbox 758 1318 2915 1404; baseline -0 -20"><span class='ocrx_word' id='word_1_51' title='bbox 758 1321 947 1404; x_wconf 85' lang='lat' dir='ltr'><strong>Verg.</strong></span> <span class='ocrx_word' id='word_1_52' title='bbox 975 1321 1016 1385; x_wconf 94' lang='lat' dir='ltr'><strong>l.</strong></span> <span class='ocrx_word' id='word_1_53' title='bbox 1044 1340 1132 1387; x_wconf 86' lang='lat' dir='ltr'><strong>e.:</strong></span> <span class='ocrx_word' id='word_1_54' title='bbox 1177 1321 1357 1387; x_wconf 79' lang='lat' dir='ltr'><strong>auri.</strong></span> <span class='ocrx_word' id='word_1_55' title='bbox 1385 1371 1400 1386; x_wconf 93' lang='lat'><strong>.</strong></span> <span class='ocrx_word' id='word_1_56' title='bbox 1427 1341 1643 1400; x_wconf 77' lang='lat' dir='ltr'><strong>.aura‚</strong></span> <span class='ocrx_word' id='word_1_57' title='bbox 1693 1321 1887 1385; x_wconf 82' lang='lat' dir='ltr'><strong>Prisc.</strong></span> <span class='ocrx_word' id='word_1_58' title='bbox 1932 1320 2175 1403; x_wconf 86' lang='lat' dir='ltr'><strong>Perieg.</strong></span> <span class='ocrx_word' id='word_1_59' title='bbox 2230 1321 2397 1385; x_wconf 91' lang='grc'>1020</span> <span class='ocrx_word' id='word_1_60' title='bbox 2442 1339 2474 1384; x_wconf 95' lang='grc'><strong>0</strong></span> <span class='ocrx_word' id='word_1_61' title='bbox 2512 1318 2915 1402; x_wconf 87' lang='lat' dir='ltr'><strong>(Wernsdorf</strong></span> 
     </span>
     <span class='ocr_line' id='line_1_10' title="bbox 549 1422 2909 1509; baseline -0.001 -21"><span class='ocrx_word' id='word_1_62' title='bbox 549 1426 599 1492; x_wconf 89' lang='lat' dir='ltr'><strong>t.</strong></span> <span class='ocrx_word' id='word_1_63' title='bbox 631 1424 723 1489; x_wconf 95' lang='lat' dir='ltr'><strong>IV</strong></span> <span class='ocrx_word' id='word_1_64' title='bbox 767 1445 825 1507; x_wconf 87' lang='lat' dir='ltr'><strong>p.</strong></span> <span class='ocrx_word' id='word_1_65' title='bbox 873 1425 1046 1509; x_wconf 86' lang='lat'>398),</span> <span class='ocrx_word' id='word_1_66' title='bbox 1093 1424 1201 1488; x_wconf 91' lang='lat' dir='ltr'><strong>ubi</strong></span> <span class='ocrx_word' id='word_1_67' title='bbox 1246 1424 1452 1505; x_wconf 74' lang='lat' dir='ltr'><strong>iaspis</strong></span> <span class='ocrx_word' id='word_1_68' title='bbox 1496 1443 1664 1488; x_wconf 78' lang='lat' dir='ltr'><strong>aura</strong></span> <span class='ocrx_word' id='word_1_69' title='bbox 1695 1424 1893 1488; x_wconf 85' lang='lat' dir='ltr'><strong>viridi</strong></span> <span class='ocrx_word' id='word_1_70' title='bbox 1920 1423 2242 1504; x_wconf 75' lang='lat' dir='ltr'><strong>splendere</strong></span> <span class='ocrx_word' id='word_1_71' title='bbox 2275 1423 2520 1488; x_wconf 83' lang='lat' dir='ltr'><strong>dieitur.</strong></span> <span class='ocrx_word' id='word_1_72' title='bbox 2576 1424 2711 1505; x_wconf 91' lang='lat' dir='ltr'><strong>(hos</strong></span> <span class='ocrx_word' id='word_1_73' title='bbox 2743 1422 2909 1488; x_wconf 85' lang='lat' dir='ltr'><strong>loeos</strong></span> 
     </span>
     <span class='ocr_line' id='line_1_11' title="bbox 547 1525 2909 1609; baseline -0.001 -18"><span class='ocrx_word' id='word_1_74' title='bbox 547 1526 919 1609; x_wconf 80' lang='lat' dir='ltr'><strong>interpretes</strong></span> <span class='ocrx_word' id='word_1_75' title='bbox 953 1525 1032 1590; x_wconf 89' lang='lat' dir='ltr'><strong>ad</strong></span> <span class='ocrx_word' id='word_1_76' title='bbox 1076 1526 1324 1591; x_wconf 85' lang='lat' dir='ltr'><strong>Horatii</strong></span> <span class='ocrx_word' id='word_1_77' title='bbox 1371 1525 1576 1590; x_wconf 83' lang='lat' dir='ltr'><strong>locum</strong></span> <span class='ocrx_word' id='word_1_78' title='bbox 1610 1544 1799 1608; x_wconf 86' lang='lat' dir='ltr'><strong>supra</strong></span> <span class='ocrx_word' id='word_1_79' title='bbox 1830 1526 2217 1608; x_wconf 84' lang='lat' dir='ltr'><strong>adscriptum</strong></span> <span class='ocrx_word' id='word_1_80' title='bbox 2249 1525 2696 1605; x_wconf 80' lang='lat' dir='ltr'><strong>contulerunt.)</strong></span> <span class='ocrx_word' id='word_1_81' title='bbox 2752 1541 2909 1606; x_wconf 86' lang='lat' dir='ltr'><strong>quae</strong></span> 
     </span>
     <span class='ocr_line' id='line_1_12' title="bbox 547 1625 2909 1718; baseline -0.001 -25"><span class='ocrx_word' id='word_1_82' title='bbox 547 1647 689 1693; x_wconf 84' lang='lat' dir='ltr'><strong>eum</strong></span> <span class='ocrx_word' id='word_1_83' title='bbox 735 1627 827 1692; x_wconf 87' lang='lat' dir='ltr'><strong>ita</strong></span> <span class='ocrx_word' id='word_1_84' title='bbox 879 1629 1041 1705; x_wconf 89' lang='lat' dir='ltr'><strong>sint,</strong></span> <span class='ocrx_word' id='word_1_85' title='bbox 1085 1647 1320 1718; x_wconf 79' lang='lat' dir='ltr'><strong>auram</strong></span> <span class='ocrx_word' id='word_1_86' title='bbox 1365 1629 1440 1692; x_wconf 93' lang='lat' dir='ltr'><strong>de</strong></span> <span class='ocrx_word' id='word_1_87' title='bbox 1484 1628 1839 1710; x_wconf 88' lang='lat' dir='ltr'><strong>splendenti</strong></span> <span class='ocrx_word' id='word_1_88' title='bbox 1884 1630 2212 1693; x_wconf 84' lang='lat' dir='ltr'><strong>venustate</strong></span> <span class='ocrx_word' id='word_1_89' title='bbox 2257 1630 2443 1710; x_wconf 85' lang='lat' dir='ltr'><strong>atque</strong></span> <span class='ocrx_word' id='word_1_90' title='bbox 2487 1627 2694 1711; x_wconf 87' lang='lat' dir='ltr'><strong>gratia</strong></span> <span class='ocrx_word' id='word_1_91' title='bbox 2724 1625 2909 1690; x_wconf 87' lang='lat' dir='ltr'><strong>femi-</strong></span> 
     </span>
     <span class='ocr_line' id='line_1_13' title="bbox 546 1725 2908 1815; baseline -0.002 -20"><span class='ocrx_word' id='word_1_92' title='bbox 546 1750 659 1796; x_wconf 90' lang='lat' dir='ltr'><strong>nea</strong></span> <span class='ocrx_word' id='word_1_93' title='bbox 700 1730 824 1796; x_wconf 87' lang='lat' dir='ltr'><strong>diei</strong></span> <span class='ocrx_word' id='word_1_94' title='bbox 877 1749 1056 1812; x_wconf 87' lang='lat' dir='ltr'><strong>posse</strong></span> <span class='ocrx_word' id='word_1_95' title='bbox 1106 1731 1179 1795; x_wconf 78' lang='lat' dir='ltr'><strong>fit</strong></span> <span class='ocrx_word' id='word_1_96' title='bbox 1228 1731 1543 1815; x_wconf 83' lang='lat' dir='ltr'><strong>probabile</strong></span> <span class='ocrx_word' id='word_1_97' title='bbox 1602 1731 1707 1813; x_wconf 85' lang='lat' dir='ltr'><strong>(of.</strong></span> <span class='ocrx_word' id='word_1_98' title='bbox 1752 1734 2033 1796; x_wconf 86' lang='lat' dir='ltr'><strong>nostrum</strong></span> <span class='ocrx_word' id='word_1_99' title='bbox 2064 1730 2402 1794; x_wconf 78' lang='lat' dir='ltr'><strong>-stralemle</strong></span> <span class='ocrx_word' id='word_1_100' title='bbox 2454 1725 2908 1812; x_wconf 60' lang='lat' dir='ltr'><strong>Schonheitffl),</strong></span> 
     </span>
     <span class='ocr_line' id='line_1_14' title="bbox 546 1831 2908 1916; baseline -0.002 -18"><span class='ocrx_word' id='word_1_101' title='bbox 546 1851 699 1916; x_wconf 88' lang='lat' dir='ltr'><strong>quae</strong></span> <span class='ocrx_word' id='word_1_102' title='bbox 743 1833 912 1898; x_wconf 79' lang='lat' dir='ltr'><strong>notio</strong></span> <span class='ocrx_word' id='word_1_103' title='bbox 975 1832 1132 1897; x_wconf 90' lang='lat' dir='ltr'><strong>mihi</strong></span> <span class='ocrx_word' id='word_1_104' title='bbox 1194 1832 1519 1916; x_wconf 88' lang='lat' dir='ltr'><strong>aptissima</strong></span> <span class='ocrx_word' id='word_1_105' title='bbox 1577 1852 1708 1897; x_wconf 90' lang='lat' dir='ltr'><strong>esse</strong></span> <span class='ocrx_word' id='word_1_106' title='bbox 1753 1835 1998 1899; x_wconf 86' lang='lat' dir='ltr'><strong>videtur</strong></span> <span class='ocrx_word' id='word_1_107' title='bbox 2056 1833 2121 1897; x_wconf 91' lang='lat' dir='ltr'><strong>in</strong></span> <span class='ocrx_word' id='word_1_108' title='bbox 2177 1834 2292 1898; x_wconf 87' lang='grc'>1100</span> <span class='ocrx_word' id='word_1_109' title='bbox 2346 1852 2526 1897; x_wconf 86' lang='lat' dir='ltr'><strong>versu</strong></span> <span class='ocrx_word' id='word_1_110' title='bbox 2582 1831 2908 1897; x_wconf 85' lang='lat' dir='ltr'><strong>Ovidiano.</strong></span> 
     </span>
     <span class='ocr_line' id='line_1_15' title="bbox 741 1933 2900 2019; baseline -0 -20"><span class='ocrx_word' id='word_1_111' title='bbox 741 1935 818 2000; x_wconf 88' lang='lat' dir='ltr'><strong>V.</strong></span> <span class='ocrx_word' id='word_1_112' title='bbox 852 1936 892 1998; x_wconf 88' lang='lat'><strong>3</strong></span> <span class='ocrx_word' id='word_1_113' title='bbox 921 1935 1246 2016; x_wconf 76' lang='lat' dir='ltr'><strong>quondam</strong></span> <span class='ocrx_word' id='word_1_114' title='bbox 1274 1954 1383 2019; x_wconf 92' lang='lat' dir='ltr'><strong>pro</strong></span> <span class='ocrx_word' id='word_1_115' title='bbox 1413 1936 1691 2000; x_wconf 77' lang='lat' dir='ltr'><strong>sterilem</strong></span> <span class='ocrx_word' id='word_1_116' title='bbox 1714 1937 1914 2001; x_wconf 85' lang='lat' dir='ltr'><strong>audax</strong></span> <span class='ocrx_word' id='word_1_117' title='bbox 1946 1938 2042 2002; x_wconf 84' lang='lat' dir='ltr'><strong>est</strong></span> <span class='ocrx_word' id='word_1_118' title='bbox 2064 1935 2214 2000; x_wconf 86' lang='lat' dir='ltr'><strong>Itali</strong></span> <span class='ocrx_word' id='word_1_119' title='bbox 2249 1937 2577 2001; x_wconf 84' lang='lat' dir='ltr'><strong>cuiusdam</strong></span> <span class='ocrx_word' id='word_1_120' title='bbox 2607 1933 2900 1999; x_wconf 82' lang='lat' dir='ltr'><strong>mutatiO.</strong></span> 
     </span>
     <span class='ocr_line' id='line_1_16' title="bbox 747 2037 2905 2121; baseline -0.001 -18"><span class='ocrx_word' id='word_1_121' title='bbox 747 2039 925 2118; x_wconf 80' lang='lat' dir='ltr'><strong>Quod</strong></span> <span class='ocrx_word' id='word_1_122' title='bbox 982 2039 1046 2103; x_wconf 92' lang='lat' dir='ltr'><strong>in</strong></span> <span class='ocrx_word' id='word_1_123' title='bbox 1079 2059 1135 2104; x_wconf 88' lang='lat' dir='ltr'><strong>v.</strong></span> <span class='ocrx_word' id='word_1_124' title='bbox 1182 2038 1225 2101; x_wconf 89' lang='lat'>4</span> <span class='ocrx_word' id='word_1_125' title='bbox 1284 2040 1525 2105; x_wconf 80' lang='lat' dir='ltr'><strong>codices</strong></span> <span class='ocrx_word' id='word_1_126' title='bbox 1593 2040 1833 2121; x_wconf 90' lang='lat' dir='ltr'><strong>aliquot</strong></span> <span class='ocrx_word' id='word_1_127' title='bbox 1899 2039 2236 2105; x_wconf 87' lang='lat' dir='ltr'><strong>deteriores</strong></span> <span class='ocrx_word' id='word_1_128' title='bbox 2303 2038 2598 2103; x_wconf 85' lang='lat' dir='ltr'><strong>exhibent</strong></span> <span class='ocrx_word' id='word_1_129' title='bbox 2643 2037 2905 2102; x_wconf 75' lang='lat' dir='ltr'><strong>Semina</strong></span> 
     </span>
     <span class='ocr_line' id='line_1_17' title="bbox 546 2140 2901 2226; baseline -0.001 -21"><span class='ocrx_word' id='word_1_130' title='bbox 546 2160 659 2224; x_wconf 89' lang='lat' dir='ltr'><strong>pro</strong></span> <span class='ocrx_word' id='word_1_131' title='bbox 710 2141 1019 2220; x_wconf 75' lang='lat' dir='ltr'><strong>Munera,</strong></span> <span class='ocrx_word' id='word_1_132' title='bbox 1088 2161 1125 2207; x_wconf 94' lang='lat' dir='ltr'><strong>a</strong></span> <span class='ocrx_word' id='word_1_133' title='bbox 1193 2142 1592 2226; x_wconf 86' lang='lat' dir='ltr'><strong>diligentiore</strong></span> <span class='ocrx_word' id='word_1_134' title='bbox 1637 2140 1847 2207; x_wconf 86' lang='lat' dir='ltr'><strong>Ovidii</strong></span> <span class='ocrx_word' id='word_1_135' title='bbox 1916 2143 2143 2207; x_wconf 82' lang='lat' dir='ltr'><strong>lectore</strong></span> <span class='ocrx_word' id='word_1_136' title='bbox 2198 2143 2302 2205; x_wconf 84' lang='lat' dir='ltr'><strong>vel</strong></span> <span class='ocrx_word' id='word_1_137' title='bbox 2368 2141 2749 2222; x_wconf 83' lang='lat' dir='ltr'><strong>adscriptum</strong></span> <span class='ocrx_word' id='word_1_138' title='bbox 2806 2140 2901 2205; x_wconf 86' lang='lat' dir='ltr'><strong>vel</strong></span> 
     </span>
     <span class='ocr_line' id='line_1_18' title="bbox 547 2242 2905 2327; baseline -0.002 -17"><span class='ocrx_word' id='word_1_139' title='bbox 547 2246 1038 2327; x_wconf 84' lang='lat' dir='ltr'><strong>superscriptum</strong></span> <span class='ocrx_word' id='word_1_140' title='bbox 1083 2242 1274 2309; x_wconf 89' lang='lat' dir='ltr'><strong>fuisse</strong></span> <span class='ocrx_word' id='word_1_141' title='bbox 1308 2244 1574 2327; x_wconf 84' lang='lat' dir='ltr'><strong>videtur,</strong></span> <span class='ocrx_word' id='word_1_142' title='bbox 1623 2245 1730 2327; x_wconf 92' lang='lat' dir='ltr'><strong>qui</strong></span> <span class='ocrx_word' id='word_1_143' title='bbox 1764 2244 2055 2311; x_wconf 78' lang='lat' dir='ltr'><strong>Cerealia</strong></span> <span class='ocrx_word' id='word_1_144' title='bbox 2085 2245 2333 2308; x_wconf 76' lang='lat' dir='ltr'><strong>semina</strong></span> <span class='ocrx_word' id='word_1_145' title='bbox 2364 2263 2430 2307; x_wconf 92' lang='lat' dir='ltr'><strong>se</strong></span> <span class='ocrx_word' id='word_1_146' title='bbox 2474 2243 2711 2327; x_wconf 90' lang='lat' dir='ltr'><strong>aliquot</strong></span> <span class='ocrx_word' id='word_1_147' title='bbox 2755 2243 2905 2307; x_wconf 85' lang='lat' dir='ltr'><strong>loeis</strong></span> 
     </span>
     <span class='ocr_line' id='line_1_19' title="bbox 545 2344 2911 2432; baseline -0.001 -21"><span class='ocrx_word' id='word_1_148' title='bbox 545 2347 770 2432; x_wconf 88' lang='lat' dir='ltr'><strong>legisse</strong></span> <span class='ocrx_word' id='word_1_149' title='bbox 828 2348 1222 2412; x_wconf 89' lang='lat' dir='ltr'><strong>meminerat.</strong></span> <span class='ocrx_word' id='word_1_150' title='bbox 1309 2367 1508 2430; x_wconf 90' lang='lat' dir='ltr'><strong>neque</strong></span> <span class='ocrx_word' id='word_1_151' title='bbox 1576 2352 1791 2413; x_wconf 90' lang='lat' dir='ltr'><strong>tamen</strong></span> <span class='ocrx_word' id='word_1_152' title='bbox 1845 2349 2009 2414; x_wconf 91' lang='lat' dir='ltr'><strong>male</strong></span> <span class='ocrx_word' id='word_1_153' title='bbox 2077 2349 2294 2412; x_wconf 86' lang='lat' dir='ltr'><strong>doetus</strong></span> <span class='ocrx_word' id='word_1_154' title='bbox 2362 2346 2471 2411; x_wconf 92' lang='lat' dir='ltr'><strong>ille</strong></span> <span class='ocrx_word' id='word_1_155' title='bbox 2552 2344 2911 2411; x_wconf 87' lang='lat' dir='ltr'><strong>observavit</strong></span> 
     </span>
     <span class='ocr_line' id='line_1_20' title="bbox 552 2450 2909 2535; baseline -0 -22"><span class='ocrx_word' id='word_1_156' title='bbox 552 2450 796 2515; x_wconf 71' lang='lat' dir='ltr'><strong>semina</strong></span> <span class='ocrx_word' id='word_1_157' title='bbox 841 2450 917 2514; x_wconf 92' lang='lat' dir='ltr'><strong>iis</strong></span> <span class='ocrx_word' id='word_1_158' title='bbox 964 2452 1214 2515; x_wconf 87' lang='lat' dir='ltr'><strong>tantum</strong></span> <span class='ocrx_word' id='word_1_159' title='bbox 1260 2452 1415 2516; x_wconf 86' lang='lat' dir='ltr'><strong>loeis</strong></span> <span class='ocrx_word' id='word_1_160' title='bbox 1462 2453 1780 2534; x_wconf 88' lang='lat' dir='ltr'><strong>usurpari,</strong></span> <span class='ocrx_word' id='word_1_161' title='bbox 1839 2451 1948 2516; x_wconf 91' lang='lat' dir='ltr'><strong>ubi</strong></span> <span class='ocrx_word' id='word_1_162' title='bbox 1993 2453 2239 2535; x_wconf 87' lang='lat' dir='ltr'><strong>proprie</strong></span> <span class='ocrx_word' id='word_1_163' title='bbox 2288 2451 2365 2515; x_wconf 93' lang='lat' dir='ltr'><strong>de</strong></span> <span class='ocrx_word' id='word_1_164' title='bbox 2408 2451 2663 2514; x_wconf 89' lang='lat' dir='ltr'><strong>serendo</strong></span> <span class='ocrx_word' id='word_1_165' title='bbox 2711 2466 2909 2514; x_wconf 88' lang='lat' dir='ltr'><strong>sermo</strong></span> 
     </span>
    </p>
   </div>
   <div class='ocr_carea' id='block_1_4' title="bbox 553 2553 1266 2620">
    <p class='ocr_par' dir='ltr' id='par_1_4' title="bbox 553 2553 1266 2620">
     <span class='ocr_line' id='line_1_21' title="bbox 553 2553 1266 2620; baseline 0.001 -3"><span class='ocrx_word' id='word_1_166' title='bbox 553 2553 659 2617; x_wconf 82' lang='lat' dir='ltr'><strong>fit:</strong></span> <span class='ocrx_word' id='word_1_167' title='bbox 705 2557 848 2620; x_wconf 92' lang='lat' dir='ltr'><strong>Am.</strong></span> <span class='ocrx_word' id='word_1_168' title='bbox 895 2555 996 2619; x_wconf 90' lang='lat' dir='ltr'><strong>III</strong></span> <span class='ocrx_word' id='word_1_169' title='bbox 1041 2556 1102 2620; x_wconf 89' lang='lat'><strong>6.</strong></span> <span class='ocrx_word' id='word_1_170' title='bbox 1156 2556 1266 2619; x_wconf 83' lang='lat'><strong>15:</strong></span> 
     </span>
    </p>
   </div>
   <div class='ocr_carea' id='block_1_5' title="bbox 751 2672 2295 2844">
    <p class='ocr_par' dir='ltr' id='par_1_5' title="bbox 751 2672 2295 2844">
     <span class='ocr_line' id='line_1_22' title="bbox 751 2672 2295 2756; baseline 0 -19"><span class='ocrx_word' id='word_1_171' title='bbox 751 2673 949 2738; x_wconf 75' lang='lat' dir='ltr'><strong>Nune</strong></span> <span class='ocrx_word' id='word_1_172' title='bbox 969 2678 1107 2755; x_wconf 77' lang='lat' dir='ltr'><strong>opto</strong></span> <span class='ocrx_word' id='word_1_173' title='bbox 1132 2694 1408 2754; x_wconf 79' lang='lat' dir='ltr'><strong>currum,</strong></span> <span class='ocrx_word' id='word_1_174' title='bbox 1439 2674 1515 2738; x_wconf 82' lang='lat' dir='ltr'><strong>de</strong></span> <span class='ocrx_word' id='word_1_175' title='bbox 1545 2694 1665 2755; x_wconf 78' lang='lat' dir='ltr'><strong>qao</strong></span> <span class='ocrx_word' id='word_1_176' title='bbox 1692 2672 1982 2739; x_wconf 74' lang='lat' dir='ltr'><strong>Cerealia</strong></span> <span class='ocrx_word' id='word_1_177' title='bbox 2005 2675 2295 2756; x_wconf 79' lang='lat' dir='ltr'><strong>primum</strong></span> 
     </span>
     <span class='ocr_line' id='line_1_23' title="bbox 839 2777 2272 2844; baseline 0.002 -3"><span class='ocrx_word' id='word_1_178' title='bbox 839 2777 1102 2842; x_wconf 75' lang='lat' dir='ltr'><strong>Semina</strong></span> <span class='ocrx_word' id='word_1_179' title='bbox 1145 2782 1445 2842; x_wconf 75' lang='lat' dir='ltr'><strong>venerumt</strong></span> <span class='ocrx_word' id='word_1_180' title='bbox 1488 2778 1562 2841; x_wconf 78' lang='lat' dir='ltr'><strong>in</strong></span> <span class='ocrx_word' id='word_1_181' title='bbox 1608 2778 1766 2842; x_wconf 77' lang='lat' dir='ltr'><strong>rude</strong></span> <span class='ocrx_word' id='word_1_182' title='bbox 1810 2778 2008 2843; x_wconf 84' lang='lat' dir='ltr'><strong>missa</strong></span> <span class='ocrx_word' id='word_1_183' title='bbox 2052 2777 2272 2844; x_wconf 78' lang='lat' dir='ltr'><strong>solum.</strong></span> 
     </span>
    </p>
   </div>
   <div class='ocr_carea' id='block_1_6' title="bbox 547 2898 2106 3068">
    <p class='ocr_par' dir='ltr' id='par_1_6' title="bbox 547 2898 2106 3068">
     <span class='ocr_line' id='line_1_24' title="bbox 547 2898 1099 2963; baseline -0.004 0"><span class='ocrx_word' id='word_1_184' title='bbox 547 2898 722 2963; x_wconf 91' lang='lat' dir='ltr'><strong>Rem.</strong></span> <span class='ocrx_word' id='word_1_185' title='bbox 770 2917 892 2963; x_wconf 86' lang='lat' dir='ltr'><strong>am.</strong></span> <span class='ocrx_word' id='word_1_186' title='bbox 944 2900 1099 2963; x_wconf 84' lang='lat'>173:</span> 
     </span>
     <span class='ocr_line' id='line_1_25' title="bbox 754 2999 2106 3068; baseline 0.001 -3"><span class='ocrx_word' id='word_1_187' title='bbox 754 2999 955 3065; x_wconf 76' lang='lat' dir='ltr'><strong>Obrue</strong></span> <span class='ocrx_word' id='word_1_188' title='bbox 997 3007 1245 3065; x_wconf 78' lang='lat' dir='ltr'><strong>versata</strong></span> <span class='ocrx_word' id='word_1_189' title='bbox 1292 3001 1580 3068; x_wconf 75' lang='lat' dir='ltr'><strong>Cerealia</strong></span> <span class='ocrx_word' id='word_1_190' title='bbox 1623 3002 1870 3065; x_wconf 73' lang='lat' dir='ltr'><strong>semina</strong></span> <span class='ocrx_word' id='word_1_191' title='bbox 1913 3005 2106 3067; x_wconf 83' lang='lat' dir='ltr'><strong>terra.</strong></span> 
     </span>
    </p>
   </div>
   <div class='ocr_carea' id='block_1_7' title="bbox 545 3123 2902 3514">
    <p class='ocr_par' dir='ltr' id='par_1_7' title="bbox 545 3123 2902 3514">
     <span class='ocr_line' id='line_1_26' title="bbox 545 3123 1088 3188; baseline -0.002 0"><span class='ocrx_word' id='word_1_192' title='bbox 545 3124 802 3188; x_wconf 89' lang='lat' dir='ltr'><strong>Metam.</strong></span> <span class='ocrx_word' id='word_1_193' title='bbox 848 3123 880 3186; x_wconf 99' lang='lat' dir='ltr'>I</span> <span class='ocrx_word' id='word_1_194' title='bbox 929 3123 1088 3188; x_wconf 75' lang='lat'><strong>123:</strong></span> 
     </span>
     <span class='ocr_line' id='line_1_27' title="bbox 753 3223 2324 3308; baseline 0 -19"><span class='ocrx_word' id='word_1_195' title='bbox 753 3224 1013 3290; x_wconf 74' lang='lat' dir='ltr'><strong>Semina</strong></span> <span class='ocrx_word' id='word_1_196' title='bbox 1059 3230 1194 3291; x_wconf 79' lang='lat' dir='ltr'><strong>tum</strong></span> <span class='ocrx_word' id='word_1_197' title='bbox 1228 3226 1517 3307; x_wconf 76' lang='lat' dir='ltr'><strong>primum</strong></span> <span class='ocrx_word' id='word_1_198' title='bbox 1563 3225 1771 3308; x_wconf 73' lang='lat' dir='ltr'><strong>lonqis</strong></span> <span class='ocrx_word' id='word_1_199' title='bbox 1803 3223 2093 3290; x_wconf 90' lang='lat' dir='ltr'><strong>Cerealia</strong></span> <span class='ocrx_word' id='word_1_200' title='bbox 2133 3223 2324 3289; x_wconf 78' lang='lat' dir='ltr'><strong>sulcis</strong></span> 
     </span>
     <span class='ocr_line' id='line_1_28' title="bbox 841 3327 1378 3393; baseline 0.002 -1"><span class='ocrx_word' id='word_1_201' title='bbox 841 3327 1081 3392; x_wconf 73' lang='lat' dir='ltr'><strong>Obruta</strong></span> <span class='ocrx_word' id='word_1_202' title='bbox 1110 3334 1294 3393; x_wconf 73' lang='lat' dir='ltr'><strong>sarit.</strong></span> <span class='ocrx_word' id='word_1_203' title='bbox 1320 3378 1335 3392; x_wconf 94' lang='lat'><strong>.</strong></span> <span class='ocrx_word' id='word_1_204' title='bbox 1365 3380 1378 3393; x_wconf 95' lang='lat'><strong>.</strong></span> 
     </span>
     <span class='ocr_line' id='line_1_29' title="bbox 754 3429 2902 3514; baseline -0.001 -19"><span class='ocrx_word' id='word_1_205' title='bbox 754 3430 1043 3495; x_wconf 89' lang='lat' dir='ltr'><strong>Cerealia</strong></span> <span class='ocrx_word' id='word_1_206' title='bbox 1085 3451 1354 3495; x_wconf 75' lang='lat' dir='ltr'><strong>munera</strong></span> <span class='ocrx_word' id='word_1_207' title='bbox 1397 3451 1506 3514; x_wconf 89' lang='lat' dir='ltr'><strong>pro</strong></span> <span class='ocrx_word' id='word_1_208' title='bbox 1569 3431 1883 3496; x_wconf 86' lang='lat' dir='ltr'><strong>frumento</strong></span> <span class='ocrx_word' id='word_1_209' title='bbox 1930 3431 2264 3496; x_wconf 86' lang='lat' dir='ltr'><strong>adhibetur</strong></span> <span class='ocrx_word' id='word_1_210' title='bbox 2309 3431 2399 3495; x_wconf 82' lang='lat' dir='ltr'><strong>Ex</strong></span> <span class='ocrx_word' id='word_1_211' title='bbox 2441 3430 2513 3495; x_wconf 90' lang='lat' dir='ltr'><strong>P.</strong></span> <span class='ocrx_word' id='word_1_212' title='bbox 2560 3430 2660 3494; x_wconf 99' lang='lat' dir='ltr'><strong>III</strong></span> <span class='ocrx_word' id='word_1_213' title='bbox 2706 3431 2767 3495; x_wconf 87' lang='lat'><strong>8.</strong></span> <span class='ocrx_word' id='word_1_214' title='bbox 2804 3429 2902 3509; x_wconf 89' lang='lat'><strong>11,</strong></span> 
     </span>
    </p>
   </div>
   <div class='ocr_carea' id='block_1_8' title="bbox 546 3547 2908 3839">
    <p class='ocr_par' dir='ltr' id='par_1_8' title="bbox 546 3547 2908 3839">
     <span class='ocr_line' id='line_1_30' title="bbox 546 3547 2906 3633; baseline -0 -18"><span class='ocrx_word' id='word_1_215' title='bbox 546 3553 701 3615; x_wconf 91' lang='lat' dir='ltr'><strong>item</strong></span> <span class='ocrx_word' id='word_1_216' title='bbox 751 3547 1037 3614; x_wconf 87' lang='lat' dir='ltr'><strong>Cerealia</strong></span> <span class='ocrx_word' id='word_1_217' title='bbox 1081 3550 1254 3614; x_wconf 77' lang='lat' dir='ltr'><strong>dona</strong></span> <span class='ocrx_word' id='word_1_218' title='bbox 1287 3551 1457 3619; x_wconf 87' lang='lat' dir='ltr'><strong>Fast.</strong></span> <span class='ocrx_word' id='word_1_219' title='bbox 1489 3551 1582 3615; x_wconf 96' lang='lat' dir='ltr'><strong>VI</strong></span> <span class='ocrx_word' id='word_1_220' title='bbox 1614 3552 1759 3618; x_wconf 87' lang='lat'><strong>391.</strong></span> <span class='ocrx_word' id='word_1_221' title='bbox 1807 3550 2063 3633; x_wconf 90' lang='lat' dir='ltr'><strong>reliquis</strong></span> <span class='ocrx_word' id='word_1_222' title='bbox 2109 3550 2264 3614; x_wconf 86' lang='lat' dir='ltr'><strong>loeis</strong></span> <span class='ocrx_word' id='word_1_223' title='bbox 2307 3569 2416 3632; x_wconf 93' lang='lat' dir='ltr'><strong>per</strong></span> <span class='ocrx_word' id='word_1_224' title='bbox 2457 3552 2906 3632; x_wconf 81' lang='lat' dir='ltr'><strong>metonymiam</strong></span> 
     </span>
     <span class='ocr_line' id='line_1_31' title="bbox 549 3650 2908 3736; baseline -0.002 -17"><span class='ocrx_word' id='word_1_225' title='bbox 549 3652 837 3719; x_wconf 87' lang='lat' dir='ltr'><strong>Cerealia</strong></span> <span class='ocrx_word' id='word_1_226' title='bbox 866 3672 1138 3716; x_wconf 75' lang='lat' dir='ltr'><strong>manera</strong></span> <span class='ocrx_word' id='word_1_227' title='bbox 1168 3655 1269 3717; x_wconf 86' lang='lat' dir='ltr'><strong>vel</strong></span> <span class='ocrx_word' id='word_1_228' title='bbox 1300 3652 1474 3716; x_wconf 78' lang='lat' dir='ltr'><strong>dona</strong></span> <span class='ocrx_word' id='word_1_229' title='bbox 1504 3672 1750 3735; x_wconf 88' lang='lat' dir='ltr'><strong>panem,</strong></span> <span class='ocrx_word' id='word_1_230' title='bbox 1784 3653 1995 3718; x_wconf 87' lang='lat' dir='ltr'><strong>eibum</strong></span> <span class='ocrx_word' id='word_1_231' title='bbox 2025 3651 2384 3736; x_wconf 83' lang='lat' dir='ltr'><strong>significant</strong></span> <span class='ocrx_word' id='word_1_232' title='bbox 2415 3654 2579 3734; x_wconf 85' lang='lat' dir='ltr'><strong>apud</strong></span> <span class='ocrx_word' id='word_1_233' title='bbox 2612 3650 2908 3717; x_wconf 89' lang='lat' dir='ltr'><strong>Ovidium</strong></span> 
     </span>
     <span class='ocr_line' id='line_1_32' title="bbox 552 3754 2904 3839; baseline -0.001 -17"><span class='ocrx_word' id='word_1_234' title='bbox 552 3757 730 3839; x_wconf 88' lang='lat' dir='ltr'><strong>(Met.</strong></span> <span class='ocrx_word' id='word_1_235' title='bbox 785 3755 879 3820; x_wconf 94' lang='lat' dir='ltr'><strong>XI</strong></span> <span class='ocrx_word' id='word_1_236' title='bbox 930 3756 1073 3833; x_wconf 82' lang='lat'>121,</span> <span class='ocrx_word' id='word_1_237' title='bbox 1123 3754 1282 3839; x_wconf 79' lang='lat'><strong>1223</strong></span> <span class='ocrx_word' id='word_1_238' title='bbox 1356 3756 1518 3820; x_wconf 93' lang='lat' dir='ltr'>XIII</span> <span class='ocrx_word' id='word_1_239' title='bbox 1583 3756 1743 3834; x_wconf 75' lang='lat'><strong>6383</strong></span> <span class='ocrx_word' id='word_1_240' title='bbox 1817 3755 1877 3818; x_wconf 92' lang='lat' dir='ltr'>X</span> <span class='ocrx_word' id='word_1_241' title='bbox 1924 3755 2007 3820; x_wconf 83' lang='lat'><strong>74</strong></span> <span class='ocrx_word' id='word_1_242' title='bbox 2051 3756 2443 3838; x_wconf 85' lang='lat' dir='ltr'><strong>singularis).</strong></span> <span class='ocrx_word' id='word_1_243' title='bbox 2520 3756 2598 3820; x_wconf 89' lang='lat' dir='ltr'><strong>ad</strong></span> <span class='ocrx_word' id='word_1_244' title='bbox 2634 3754 2904 3836; x_wconf 73' lang='lat' dir='ltr'><strong>pendere</strong></span> 
     </span>
    </p>
   </div>
   <div class='ocr_carea' id='block_1_9' title="bbox 543 3858 1486 3941">
    <p class='ocr_par' dir='ltr' id='par_1_9' title="bbox 543 3858 1486 3941">
     <span class='ocr_line' id='line_1_33' title="bbox 543 3858 1486 3941; baseline -0.001 -17"><span class='ocrx_word' id='word_1_245' title='bbox 543 3860 755 3941; x_wconf 86' lang='lat' dir='ltr'><strong>utique</strong></span> <span class='ocrx_word' id='word_1_246' title='bbox 802 3858 1010 3941; x_wconf 87' lang='lat' dir='ltr'><strong>aptius</strong></span> <span class='ocrx_word' id='word_1_247' title='bbox 1059 3860 1153 3923; x_wconf 86' lang='lat' dir='ltr'><strong>est</strong></span> <span class='ocrx_word' id='word_1_248' title='bbox 1197 3878 1486 3924; x_wconf 75' lang='lat' dir='ltr'><strong>manera.</strong></span> 
     </span>
    </p>
   </div>
   <div class='ocr_carea' id='block_1_10' title="bbox 548 4021 956 4030">
    <p class='ocr_par' dir='ltr' id='par_1_10' title="bbox 548 4021 956 4030">
     <span class='ocr_line' id='line_1_34' title="bbox 548 4021 956 4030; baseline 0 1040"><span class='ocrx_word' id='word_1_249' title='bbox 548 4021 956 4030; x_wconf 95' lang='lat' dir='ltr'><strong> </strong></span> 
     </span>
    </p>
   </div>
   <div class='ocr_carea' id='block_1_11' title="bbox 545 4104 2908 4515">
    <p class='ocr_par' dir='ltr' id='par_1_11' title="bbox 545 4104 2908 4515">
     <span class='ocr_line' id='line_1_35' title="bbox 753 4104 2899 4175; baseline -0.001 -17"><span class='ocrx_word' id='word_1_250' title='bbox 753 4106 817 4174; x_wconf 82' lang='lat'><strong>³³)</strong></span> <span class='ocrx_word' id='word_1_251' title='bbox 853 4105 1107 4159; x_wconf 88' lang='lat' dir='ltr'><strong>Eiusdem</strong></span> <span class='ocrx_word' id='word_1_252' title='bbox 1133 4106 1547 4175; x_wconf 83' lang='lat' dir='ltr'><strong>significationis</strong></span> <span class='ocrx_word' id='word_1_253' title='bbox 1571 4104 1810 4174; x_wconf 84' lang='lat' dir='ltr'><strong>vestigia</strong></span> <span class='ocrx_word' id='word_1_254' title='bbox 1844 4104 1990 4158; x_wconf 86' lang='lat' dir='ltr'><strong>haud</strong></span> <span class='ocrx_word' id='word_1_255' title='bbox 2027 4104 2137 4159; x_wconf 84' lang='lat' dir='ltr'><strong>seio</strong></span> <span class='ocrx_word' id='word_1_256' title='bbox 2164 4121 2233 4158; x_wconf 86' lang='lat' dir='ltr'><strong>an</strong></span> <span class='ocrx_word' id='word_1_257' title='bbox 2256 4107 2397 4159; x_wconf 80' lang='lat' dir='ltr'><strong>tecte</strong></span> <span class='ocrx_word' id='word_1_258' title='bbox 2421 4104 2610 4173; x_wconf 85' lang='lat' dir='ltr'><strong>prodat</strong></span> <span class='ocrx_word' id='word_1_259' title='bbox 2636 4104 2899 4159; x_wconf 85' lang='lat' dir='ltr'><strong>Ovidiana</strong></span> 
     </span>
     <span class='ocr_line' id='line_1_36' title="bbox 546 4190 2905 4260; baseline 0 -17"><span class='ocrx_word' id='word_1_260' title='bbox 546 4191 760 4245; x_wconf 82' lang='lat' dir='ltr'><strong>fabulae</strong></span> <span class='ocrx_word' id='word_1_261' title='bbox 815 4191 878 4244; x_wconf 92' lang='lat' dir='ltr'><strong>de</strong></span> <span class='ocrx_word' id='word_1_262' title='bbox 928 4192 1160 4260; x_wconf 86' lang='lat' dir='ltr'><strong>Cephalo</strong></span> <span class='ocrx_word' id='word_1_263' title='bbox 1209 4196 1264 4246; x_wconf 90' lang='lat' dir='ltr'><strong>et</strong></span> <span class='ocrx_word' id='word_1_264' title='bbox 1299 4192 1484 4247; x_wconf 83' lang='lat' dir='ltr'><strong>Procri</strong></span> <span class='ocrx_word' id='word_1_265' title='bbox 1536 4192 1780 4246; x_wconf 82' lang='lat' dir='ltr'><strong>narratio</strong></span> <span class='ocrx_word' id='word_1_266' title='bbox 1819 4192 1964 4259; x_wconf 85' lang='lat' dir='ltr'><strong>(Art.</strong></span> <span class='ocrx_word' id='word_1_267' title='bbox 2016 4207 2121 4246; x_wconf 88' lang='lat' dir='ltr'><strong>am.</strong></span> <span class='ocrx_word' id='word_1_268' title='bbox 2159 4191 2246 4245; x_wconf 91' lang='lat' dir='ltr'><strong>III</strong></span> <span class='ocrx_word' id='word_1_269' title='bbox 2295 4196 2395 4244; x_wconf 86' lang='grc'><strong>686</strong></span> <span class='ocrx_word' id='word_1_270' title='bbox 2440 4207 2575 4260; x_wconf 66' lang='lat' dir='ltr'><strong>sqq„</strong></span> <span class='ocrx_word' id='word_1_271' title='bbox 2627 4190 2758 4244; x_wconf 87' lang='lat' dir='ltr'><strong>Met.</strong></span> <span class='ocrx_word' id='word_1_272' title='bbox 2796 4190 2905 4244; x_wconf 91' lang='lat' dir='ltr'><strong>VII</strong></span> 
     </span>
     <span class='ocr_line' id='line_1_37' title="bbox 546 4275 2908 4347; baseline -0.001 -16"><span class='ocrx_word' id='word_1_273' title='bbox 546 4281 646 4331; x_wconf 88' lang='lat'><strong>803</strong></span> <span class='ocrx_word' id='word_1_274' title='bbox 685 4292 815 4346; x_wconf 71' lang='lat' dir='ltr'><strong>sqq„</strong></span> <span class='ocrx_word' id='word_1_275' title='bbox 854 4278 962 4346; x_wconf 81' lang='lat' dir='ltr'><strong>aL),</strong></span> <span class='ocrx_word' id='word_1_276' title='bbox 1001 4294 1108 4346; x_wconf 90' lang='lat' dir='ltr'><strong>qua</strong></span> <span class='ocrx_word' id='word_1_277' title='bbox 1144 4278 1372 4344; x_wconf 69' lang='lat' dir='ltr'><strong>Proca-ie,</strong></span> <span class='ocrx_word' id='word_1_278' title='bbox 1412 4295 1532 4333; x_wconf 84' lang='grc'>011111</span> <span class='ocrx_word' id='word_1_279' title='bbox 1569 4276 1838 4347; x_wconf 82' lang='lat' dir='ltr'><strong>Cephalus</strong></span> <span class='ocrx_word' id='word_1_280' title='bbox 1874 4279 2105 4331; x_wconf 81' lang='lat' dir='ltr'><strong>coniunx</strong></span> <span class='ocrx_word' id='word_1_281' title='bbox 2141 4280 2342 4330; x_wconf 84' lang='lat' dir='ltr'><strong>venatu</strong></span> <span class='ocrx_word' id='word_1_282' title='bbox 2396 4275 2660 4344; x_wconf 81' lang='lat' dir='ltr'><strong>fatigatus</strong></span> <span class='ocrx_word' id='word_1_283' title='bbox 2715 4292 2908 4330; x_wconf 82' lang='lat' dir='ltr'><strong>auram</strong></span> 
     </span>
     <span class='ocr_line' id='line_1_38' title="bbox 546 4361 2901 4432; baseline 0.001 -17"><span class='ocrx_word' id='word_1_284' title='bbox 546 4366 776 4427; x_wconf 80' lang='lat' dir='ltr'><strong>vocaret,</strong></span> <span class='ocrx_word' id='word_1_285' title='bbox 829 4378 964 4430; x_wconf 82' lang='lat' dir='ltr'><strong>quae</strong></span> <span class='ocrx_word' id='word_1_286' title='bbox 1017 4364 1278 4417; x_wconf 81' lang='lat' dir='ltr'><strong>relevaret</strong></span> <span class='ocrx_word' id='word_1_287' title='bbox 1332 4367 1509 4418; x_wconf 87' lang='lat' dir='ltr'><strong>aestus</strong></span> <span class='ocrx_word' id='word_1_288' title='bbox 1563 4380 1708 4430; x_wconf 75' lang='grc'>01100,</span> <span class='ocrx_word' id='word_1_289' title='bbox 1746 4363 1961 4417; x_wconf 75' lang='lat' dir='ltr'><strong>Auram</strong></span> <span class='ocrx_word' id='word_1_290' title='bbox 2013 4362 2232 4432; x_wconf 81' lang='lat' dir='ltr'><strong>paelicis</strong></span> <span class='ocrx_word' id='word_1_291' title='bbox 2279 4376 2470 4415; x_wconf 91' lang='lat' dir='ltr'><strong>nomen</strong></span> <span class='ocrx_word' id='word_1_292' title='bbox 2519 4377 2630 4414; x_wconf 80' lang='lat' dir='ltr'><strong>esse</strong></span> <span class='ocrx_word' id='word_1_293' title='bbox 2666 4361 2901 4429; x_wconf 81' lang='lat' dir='ltr'><strong>putavit.</strong></span> 
     </span>
     <span class='ocr_line' id='line_1_39' title="bbox 545 4447 1365 4515; baseline 0.006 -15"><span class='ocrx_word' id='word_1_294' title='bbox 545 4447 615 4503; x_wconf 82' lang='lat' dir='ltr'><strong>cf.</strong></span> <span class='ocrx_word' id='word_1_295' title='bbox 638 4447 694 4500; x_wconf 91' lang='lat' dir='ltr'><strong>in</strong></span> <span class='ocrx_word' id='word_1_296' title='bbox 732 4447 921 4515; x_wconf 85' lang='lat' dir='ltr'><strong>primis</strong></span> <span class='ocrx_word' id='word_1_297' title='bbox 957 4450 1022 4504; x_wconf 88' lang='lat' dir='ltr'><strong>A.</strong></span> <span class='ocrx_word' id='word_1_298' title='bbox 1051 4465 1099 4504; x_wconf 88' lang='lat' dir='ltr'><strong>a.</strong></span> <span class='ocrx_word' id='word_1_299' title='bbox 1126 4448 1217 4503; x_wconf 94' lang='lat' dir='ltr'><strong>III</strong></span> <span class='ocrx_word' id='word_1_300' title='bbox 1245 4454 1365 4505; x_wconf 81' lang='lat'><strong>701.</strong></span> 
     </span>
    </p>
   </div>
  </div>
 </body>
</html>
