3371 5070
1507 412 1936 509 -58-.

745 600 863 667 Sed
892 600 1192 667 librorum
1208 600 1364 665 ML
1391 601 1750 676 auctoritaS,
1767 618 1951 683 quam
1978 600 2298 682 aliquanto
2322 600 2501 685 fulcit
2525 599 2899 683 reliquorum

541 705 789 785 praeter
823 702 975 790 GN,
1002 703 1257 768 Mentel.
1292 721 1639 782 consensus
1673 708 1738 768 et
1768 704 1941 769 locus
1963 702 2347 768 Metam.VII
2371 702 2497 768 266
2526 702 2767 779 (Adicit
2792 722 2908 766 ex-

541 811 732 871 tremo
763 806 1006 887 lapides
1034 806 1264 870 oriente
1284 807 1531 887 petitos)
1577 807 1730 871 satis
1770 824 2001 889 magna
2030 809 2198 884 sunt,
2232 823 2387 888 quae
2418 824 2666 869 omnem
2696 807 2899 886 suspi-

544 911 781 976 cionem
809 909 1071 974 diluant.
1108 909 1264 974 adde
1292 910 1475 991 quod,
1499 926 1640 973 cum
1657 912 1837 991 poeta
1867 909 2213 991 speciosum
2242 908 2493 990 aliquod
2514 908 2715 972 dicere
2745 907 2899 972 velit

542 1013 617 1078 de
662 1012 971 1096 lapidibus
1017 1011 1169 1096 illis,
1217 1013 1479 1077 orientis
1522 1014 1695 1078 notio
1741 1013 2000 1094 prodere
2050 1012 2291 1077 videtur
2337 1012 2687 1094 speciosum
2731 1011 2899 1076 istud

540 1114 1066 1198 longinquitatem
1113 1134 1265 1190 esse,
1328 1118 1489 1181 unde
1536 1115 1633 1179 illi
1681 1115 2092 1190 advehantur,
2142 1133 2284 1178 cum
2329 1115 2407 1178 ad
2443 1117 2726 1193 paratos,
2772 1115 2814 1178 i.
2848 1134 2895 1179 e.

539 1222 792 1298 emptos,
840 1217 1022 1299 pretii
1069 1219 1276 1300 potius
1321 1220 1693 1302 exaggerati,
1743 1236 1860 1299 quo
1894 1217 2290 1299 comparandi
2322 1219 2470 1295 sint,
2520 1218 2687 1282 notio
2733 1217 2898 1281 desi-

541 1323 808 1398 deretur,
842 1324 913 1384 ut
945 1320 1072 1384 fere
1101 1319 1337 1385 Seneca
1367 1322 1442 1386 de
1477 1320 1680 1386 benef.
1698 1321 1818 1384 VII
1850 1322 1911 1386 9.
1935 1321 1978 1384 4
2011 1322 2194 1385 dicit:
2227 1341 2358 1384 non
2387 1320 2546 1384 satis
2575 1319 2900 1385 muliebris

540 1423 811 1486 insania
855 1423 1025 1486 viros
1054 1423 1485 1504 superiecerat‚
1516 1424 1649 1487 nisi
1680 1423 1837 1487 bina
1881 1445 1955 1486 ac
1986 1428 2168 1487 terna
2195 1423 2595 1503 patrimonia
2638 1424 2899 1487 auribus

539 1525 814 1609 sinyulis
847 1527 1309 1608 pependissent.
1345 1528 1425 1593 cf.
1461 1527 1727 1592 Tertull.
1764 1528 1969 1592 locum
2016 1546 2204 1609 supra
2249 1528 2531 1603 allatum,
2579 1526 2729 1590 Hor.
2764 1527 2893 1611 Sat.

536 1630 599 1694 Π
629 1630 688 1696 3.
736 1630 861 1696 239
907 1649 995 1713 sq.
1042 1634 1191 1714 puto
1238 1632 1434 1712 igitur
1478 1631 1872 1696 scribendum
1918 1650 2076 1696 esse:
2139 1633 2371 1694 oriente
2403 1630 2648 1710 petitos,

742 1750 818 1814 In
865 1770 919 1814 v.
968 1751 1071 1815 22.
1119 1751 1358 1828 nesci0‚
1432 1770 1538 1816 cur
1611 1752 1862 1816 omnino
1922 1751 2305 1816 offendamus
2374 1750 2436 1814 in
2511 1750 2887 1831 optimorum

537 1853 842 1918 librorum
875 1854 1171 1919 lectione:
1218 1853 1311 1918 Et
1338 1858 1603 1934 quantos
1634 1873 1795 1917 onus
1824 1858 1910 1917 est
1940 1873 2096 1917 aure
2125 1853 2343 1917 tulisse
2370 1853 2542 1917 duos.
2602 1852 2899 1917 nimirum

536 1961 669 2020 tarn
701 1956 1024 2038 perspicua
1055 1959 1239 2040 atque
1271 1958 1458 2039 plana
1488 1960 1584 2022 est
1628 1957 1816 2021 huius
1851 1958 2018 2022 modi
2052 1958 2459 2039 exaggeratiO,
2508 1959 2580 2020 ut
2610 1957 2714 2021 vix
2745 1973 2896 2039 opus

537 2060 621 2123 sit
647 2059 807 2123 locos
834 2046 1073 2137 afferre,
1091 2060 1198 2124 ubi
1217 2061 1292 2123 de
1317 2059 1571 2125 auribus
1590 2060 1865 2124 oneratis
1889 2078 2087 2124 sermo
2112 2062 2226 2124 est.
2244 2061 2382 2123 vide
2399 2061 2676 2123 virorum
2694 2059 2899 2124 docto-

536 2182 677 2227 rum
701 2165 879 2227 notas
902 2164 982 2228 ad
1010 2164 1145 2228 Art.
1164 2167 1350 2228 amat.
1369 2163 1467 2226 111
1498 2165 1612 2227 129
1641 2163 1806 2244 (Vos
1828 2183 2064 2243 quoque
2088 2184 2218 2226 non
2242 2164 2414 2227 caris
2443 2181 2631 2226 aures
2652 2166 2898 2227 onerate

538 2265 836 2346 lapillis),
886 2268 1134 2330 Petron.
1169 2266 1295 2330 Sat.
1331 2265 1455 2328 LV.
1506 2267 1934 2348 compluribus
1965 2267 2116 2331 locis
2150 2267 2316 2331 hunc
2346 2285 2580 2331 morem
2629 2268 2898 2349 exagitat

537 2368 763 2434 Seneca
817 2369 1005 2451 (Dial.
1052 2371 1112 2434 Π
1162 2372 1260 2434 14.
1298 2370 1364 2446 1,
1405 2370 1517 2435 VII
1569 2372 1665 2434 17.
1700 2372 1759 2448 2,
1810 2371 1943 2451 al.).
1993 2371 2073 2434 ad
2120 2391 2447 2435 numerum
2492 2371 2650 2435 duos
2695 2369 2897 2452 expli-

537 2474 803 2538 candum
851 2472 928 2538 cf.
962 2471 1171 2537 Senec.
1210 2474 1283 2537 de
1319 2473 1518 2540 benef.
1549 2473 1665 2537 VII
1700 2475 1755 2540 9.
1789 2474 1861 2540 4:
1930 2472 2112 2537 Video
2162 2475 2430 2539 uniones
2458 2493 2589 2538 non
2619 2471 2899 2556 singulos

534 2576 810 2657 sinyulis
865 2576 1129 2640 auribus
1188 2581 1580 2658 conparatos.
1656 2577 1790 2640 iam
1848 2577 2020 2640 enim
2075 2578 2447 2641 eoecrcitatae
2490 2596 2675 2641 aures
2720 2577 2898 2641 oneri

532 2679 787 2761 ferendo
841 2683 1022 2743 sunt:
1095 2681 1457 2763 iunyuntur
1509 2680 1677 2743 inter
1735 2699 1796 2743 se
1855 2684 1911 2743 et
1968 2681 2230 2760 insuper
2285 2680 2409 2742 alii
2467 2680 2638 2743 binis
2682 2698 2899 2760 super-

529 2787 882 2861 ponuntur.
927 2784 1091 2847 idem
1140 2785 1230 2848 De
1275 2803 1424 2849 rem.
1475 2785 1620 2848 fort.
1674 2784 1772 2848 16.
1824 2784 1891 2847 7:
1968 2781 2114 2847 Duc
2170 2783 2320 2846 bene
2365 2782 2882 2847 institutam....

540 2904 648 2950 nec
715 2885 893 2950 cuius
958 2886 1275 2950 auriculis
1328 2886 1734 2967 patrimonia
1795 2886 1952 2950 bina
2018 2885 2426 2965 dependeant.
2500 2886 2663 2950 Plin.
2706 2886 2786 2951 N.
2813 2888 2894 2972 H.

536 2989 629 3053 IX
671 2989 772 3055 35.
821 2989 955 3071 (56)
1007 2989 1163 3053 114:
1211 2989 1347 3053 Hos
1392 2993 1503 3073 (sc.
1551 2988 1848 3065 elenchos)
1908 2989 2131 3072 diyitis
2186 2989 2560 3068 suspendere
2616 2993 2672 3051 et
2716 2990 2893 3053 binos

533 3111 607 3157 ac
650 3095 856 3156 ternos
884 3091 1149 3155 auribus
1180 3093 1572 3174 feminarum
1599 3091 1808 3174 yloria
1837 3096 1945 3156 est.
1990 3092 2234 3158 Heinsii
2283 3093 2657 3171 coniectura,
2705 3111 2891 3175 quam

532 3194 641 3259 ille
687 3195 786 3259 sat
829 3195 1040 3276 inepte
1087 3195 1316 3260 collato
1361 3197 1495 3269 loco
1546 3198 1695 3262 Met.
1725 3197 1785 3261 X
1836 3196 1954 3261 195
2004 3195 2138 3278 (Sic
2167 3195 2377 3260 vultus
2420 3196 2696 3259 moriens
2739 3196 2896 3264 iacet

530 3302 587 3361 et
629 3296 867 3378 defecta
909 3298 1115 3378 viyore
1160 3299 1321 3380 Ipsa
1376 3299 1497 3362 sibi
1563 3303 1649 3362 est
1707 3299 1883 3362 oneri
1940 3299 2148 3362 cervix
2203 3317 2533 3375 umeroque
2576 3298 2892 3375 recumbit)

533 3402 854 3482 proposuit
901 3401 1211 3466 scribens:
1259 3400 1352 3466 Et
1382 3406 1652 3483 quantos
1682 3401 1862 3465 oneri
1894 3407 1999 3484 est,
2032 3421 2154 3484 qua
2186 3403 2350 3467 idem
2385 3404 2634 3466 omnino
2681 3420 2893 3466 sensus

540 3500 828 3580 efficitur,
877 3502 1084 3568 futilis
1115 3504 1330 3585 utique
1363 3522 1492 3568 esse
1525 3503 1790 3569 videtur.
1840 3506 2115 3569 ceterum
2156 3504 2260 3569 hic
2301 3506 2472 3570 locus
2506 3505 2894 3570 luculentum

533 3605 791 3687 praebet
848 3605 1198 3688 exemplum
1252 3607 1597 3689 grassantis
1655 3606 2101 3688 corruptionis;
2161 3626 2302 3672 cum
2361 3609 2530 3672 enim
2584 3624 2693 3690 pro
2738 3628 2908 3673 onus.

537 3710 838 3791 scriptum
886 3709 1110 3774 fuisset
1153 3708 1383 3787 honus,
1443 3709 1510 3773 id
1556 3711 1681 3774 iam
1743 3710 1807 3773 in
1869 3708 2067 3772 honor
2120 3711 2438 3774 mutatum
2484 3718 2610 3791 est,
2672 3714 2734 3778 et
2778 3730 2887 3793 pro

533 3812 727 3877 honor
770 3812 845 3892 is,
895 3812 1001 3896 qui
1047 3832 1077 3877 c
1123 3814 1417 3896 exaravit,
1480 3816 1551 3877 ut
1597 3813 1672 3876 de
1720 3811 1945 3875 ceteris
1993 3810 2391 3877 librariorum
2436 3815 2676 3879 taceam
2727 3832 2896 3880 com-

532 3918 779 3995 mentiS,
828 3916 1123 4012 audacter
1166 3915 1348 3979 decus
1393 3916 1671 3982 intrusit.

738 4037 813 4101 In
858 4055 919 4100 v.
950 4036 1032 4100 23
1076 4036 1549 4118 praeferendum
1595 4038 1693 4101 est
1725 4036 1855 4102 Nec
1883 4042 2115 4120 tamen,
2163 4040 2327 4121 quod
2374 4057 2588 4104 versus
2633 4037 2884 4102 initium

532 4141 756 4220 optimi
812 4140 959 4204 libri
1014 4143 1304 4225 tuentur,
1376 4159 1520 4204 cum
1564 4140 1716 4204 Non
1772 4146 1812 4205 t.
1861 4145 1980 4207 duo
2049 4144 2301 4207 tantum
2369 4144 2689 4224 suspectae
2747 4140 2891 4205 fidei

535 4242 772 4307 codices
819 4243 1166 4308 exhibeant.

736 4344 814 4409 In
858 4345 1067 4410 eodem
1117 4366 1294 4412 versu
1323 4346 1617 4412 Heinsius
1665 4347 1931 4413 scribere
1963 4348 2189 4413 maluit
2233 4348 2292 4411 si
2324 4364 2429 4429 pro
2461 4346 2563 4425 sit,
2612 4348 2892 4432 relegans

531 4450 609 4514 ad
656 4448 861 4514 nescio
907 4466 1059 4530 quos
1105 4449 1344 4515 codices
1391 4450 1595 4516 Marii.
1659 4451 1915 4517 Heinsio
1966 4470 2246 4517 assensus
2292 4456 2387 4516 est
2445 4450 2782 4516 Merkelius
2827 4450 2892 4513 in
