3371 5070
526 696 658 760 luto
719 694 984 761 triennio
1051 695 1397 760 academico
1470 697 1769 759 autumno
1839 693 1986 759 anni
2054 692 2284 759 LXXX
2344 693 2423 757 ad
2491 692 2877 760 excutiendos

519 816 759 881 codices
791 818 856 880 in
885 815 1106 901 primis
1135 815 1528 881 Florentinos
1558 834 1667 898 per
1711 814 1963 898 aliquod
2007 818 2254 899 tempus
2300 822 2580 883 moratus
2625 834 2767 881 sum
2812 814 2879 879 111

525 937 746 1016 Italia,
795 936 861 1001 id
907 935 1069 1020 quod
1112 937 1185 1001 ut
1227 936 1540 1020 permulta
1585 937 1709 1001 alia
1754 936 1934 1002 huius
1979 935 2258 1018 opusculi
2304 936 2660 1002 adiumenta
2692 936 2882 1002 debeo

519 1058 782 1123 eximiae
814 1057 1251 1139 magistrorum
1295 1056 1648 1123 Hartelii
1693 1059 1756 1122 et
1801 1056 2261 1124 Schenkelii
2306 1057 2693 1140 benignitati.

726 1180 859 1244 Iam
892 1198 1033 1244 eum
1063 1178 1141 1244 iis
1172 1178 1326 1245 viris
1375 1178 1577 1257 elaris,
1623 1195 1887 1262 quorum
1919 1176 2197 1242 doctrina
2240 1176 2367 1241 frui
2397 1176 2599 1259 licuit,
2634 1178 2873 1246 debitas

518 1301 756 1384 gratias
781 1317 969 1382 quam
1000 1299 1302 1365 maximas
1333 1317 1517 1384 agam
1541 1283 1850 1378 omnibus,
1884 1298 2019 1363 tum
2052 1299 2251 1365 trias
2297 1301 2446 1367 illa
2486 1299 2878 1383 illustria,

517 1421 697 1485 euius
745 1418 1032 1502 auspiciis
1079 1419 1323 1503 egregie
1369 1418 1548 1484 floret
1602 1419 2006 1485 seminarium
2052 1420 2525 1504 philologicum‚
2584 1422 2767 1485 tanta
2811 1419 2876 1483 in

515 1559 621 1605 me
687 1539 1032 1607 cumulavit
1090 1540 1363 1606 cuiusvis
1431 1540 1671 1624 generis
1744 1539 2070 1621 beneficia,
2139 1541 2239 1616 ut,
2311 1558 2452 1605 eum
2508 1541 2743 1624 gratias
2799 1540 2876 1604 iis

518 1661 741 1742 dignas
791 1661 997 1727 verbis
1044 1662 1146 1726 vix
1192 1660 1451 1745 exprimi
1495 1680 1672 1745 posse
1719 1661 1986 1739 videam,
2018 1662 2443 1744 quodcumque
2490 1663 2599 1727 aut
2642 1660 2880 1744 ingenii

519 1780 772 1860 viribuS‚
830 1799 983 1864 quas
1028 1780 1128 1845 illi
1184 1799 1425 1863 quoquo
1487 1782 1667 1847 modo
1726 1781 1890 1846 alere
1946 1800 2066 1846 non
2125 1781 2472 1860 desierunt,
2535 1783 2643 1846 aut
2687 1780 2873 1845 indu-

519 1901 704 1975 stria,
773 1920 959 1985 quam
1004 1900 1246 1967 remitti
1292 1901 1480 1967 iidem
1524 1920 1863 1986 numquam
1908 1903 2076 1985 passi
2121 1903 2285 1980 sunt,
2333 1902 2443 1968 aut
2488 1920 2872 1984 quacumque

517 2021 757 2088 ratione
802 2024 1041 2105 assequi
1086 2023 1434 2107 contigerit,
1480 2022 1559 2088 iis
1607 2023 1822 2105 utique
1868 2024 2079 2088 deberi
2124 2024 2326 2090 sciant
2371 2043 2470 2088 me
2513 2021 2870 2107 gratissimo

512 2161 759 2225 semper
806 2143 1012 2209 animo
1060 2162 1194 2208 esse
1223 2143 1646 2227 professurum
1691 2145 1963 2227 dumque
2008 2144 2219 2210 vivam
2263 2143 2617 2210 veneranda
2660 2162 2870 2208 eorum

510 2263 772 2327 1101111116
828 2264 1113 2346 piissima
1157 2267 1454 2330 memoria
1498 2265 1832 2330 culturum.

1488 2706 1893 2728 Η
