3371 5070
1409 443 1836 509 -51-

447 651 600 715 quae
646 632 1016 707 coniectura,
1065 634 1346 715 quamvis
1391 632 1788 697 remotiorem
1845 633 2073 698 inferre
2121 631 2405 697 videatur
2463 631 2806 707 notionem,

448 739 655 800 tamen
704 736 1096 818 aliquantum
1152 736 1342 801 habet
1398 754 1516 819 quo
1578 736 2067 800 commendetur.
2160 738 2349 817 atque
2392 737 2806 802 mutationem

449 838 700 920 quidem
744 856 940 922 paene
984 838 1226 902 nullam
1268 856 1397 902 esse
1438 839 1505 902 in
1547 839 1839 921 promptu
1893 839 1988 904 est
2038 841 2233 921 (curm
2281 858 2474 915 aura,
2520 844 2590 904 ut
2632 841 2689 902 όῖι
2724 866 2804 896 =

452 959 597 1005 cum
644 947 704 1005 et
749 951 812 1007 ᾶι
861 967 942 998 =
990 942 1184 1005 animi
1230 943 1525 1007 sescentis
1572 941 1727 1005 locis
1774 941 2288 1024 confunduntur).
2383 945 2547 1025 quod
2596 946 2807 1006 autem

447 1043 527 1108 ad
572 1042 1088 1127 significationem
1134 1043 1319 1107 huius
1365 1044 1538 1107 verbi
1583 1044 1847 1126 attinet,
1894 1047 2176 1128 equidem
2226 1065 2461 1110 aurae
2507 1045 2807 1110 vocabulo

448 1147 612 1211 hunc
657 1165 907 1211 sensum
953 1145 1189 1211 subicio
1234 1145 1533 1225 Liebreiz‚
1582 1146 1850 1223 Anmut,
1909 1149 2085 1213 cuius
2144 1147 2613 1232 significationis
2657 1149 2806 1230 quin

452 1250 637 1330 plura
680 1252 934 1331 possent
978 1251 1184 1314 afferri
1230 1249 1513 1331 exempla
1557 1268 1747 1331 quam
1779 1251 1911 1331 ipse
1946 1251 2223 1330 afferam,
2270 1251 2395 1315 nisi
2444 1250 2808 1316 oblitterata

402 1438 405 1442 Α
449 1358 658 1418 essent
717 1371 753 1417 a
812 1353 961 1418 viris
1022 1353 1250 1430 doctis,
1321 1371 1442 1418 non
1511 1353 1751 1417 dubito.
1829 1363 1999 1419 certa
2073 1356 2292 1420 autem·
2343 1356 2494 1419 haec
2567 1353 2806 1419 inveni:

446 1457 744 1521 Horatius
815 1457 1197 1521 celebratum
1264 1474 1514 1520 carmen
1560 1455 1626 1519 II
1674 1457 1731 1534 8,
1800 1475 1919 1539 quo
1966 1458 2225 1522 Barines
2271 1456 2805 1539 pulchritudinem

447 1559 779 1641 praedicat,
828 1560 941 1623 hac
986 1558 1127 1623 finit
1170 1559 1455 1640 stropha:
2187 1580 2191 1585 ·

967 1681 1053 1744 Te
1097 1680 1233 1743 sais
1275 1685 1507 1744 matres
1549 1684 1834 1744 metuunt
1879 1681 2198 1760 iuvenciS,

969 1782 1055 1846 Te
1098 1802 1270 1847 senes
1301 1783 1497 1864 parci
1541 1783 1943 1866 miseraeque,
1991 1804 2194 1864 nuper

983 1885 1293 1968 Virgine&
1343 1891 1596 1967 nuptae,
1643 1891 1759 1950 tua
1803 1907 1880 1950 rie
1923 1887 2196 1950 retardet

1032 1990 1224 2053 Aura
1270 1990 1531 2053 maritos
1580 1990 1796 2069 (codex
1828 1990 2042 2054 Dresd.
2076 2008 2142 2053 a:
2190 1990 2395 2071 cura).

654 2127 861 2191 Etiam
906 2127 1020 2192 hoc
1065 2126 1195 2191 loco
1237 2147 1407 2192 aura
1451 2126 1772 2192 offensioni
1819 2129 1951 2191 erat
2014 2127 2163 2190 viris
2208 2126 2435 2203 doctis3
2482 2125 2809 2191 Bentleius

450 2227 621 2292 enim
671 2229 787 2293 etsi
820 2229 999 2295 valde
1045 2229 1405 2294 dubitanter
1450 2229 1780 2312 legendum
1825 2229 2149 2310 proposuit
2192 2249 2349 2292 cura
2399 2229 2537 2311 (hoc
2582 2233 2697 2312 est,
2733 2248 2810 2292 ne

449 2350 629 2394 amor
650 2336 799 2396 tuas
832 2332 1169 2396 retardet..
1190 2332 1484 2395 ,maritos
1527 2335 1695 2416 suos)
1726 2334 1787 2396 et
1821 2331 2122 2398 Schrader
2152 2333 2313 2397 teste
2341 2331 2810 2414 Peerlkampiot

449 2438 566 2497 t‘aa
596 2455 673 2498 ne
718 2436 1040 2500 retardent
1084 2456 1196 2500 ora
1239 2435 1522 2501 maritos,
1574 2437 1783 2517 (aura,
1831 2454 2006 2513 cura,
2056 2456 2169 2497 ora
2214 2436 2285 2500 ut
2327 2435 2463 2499 loco
2509 2436 2619 2500 illo
2665 2434 2811 2500 Ovi-

453 2538 685 2619 diano).
734 2541 842 2604 sed
888 2560 1058 2603 aura
1103 2539 1354 2604 disertis
1400 2538 1606 2603 verbis
1641 2538 1922 2603 defendit
1966 2539 2218 2604 Servius
2262 2539 2341 2603 ad
2385 2539 2540 2602 Aen.
2565 2538 2656 2602 VI
2686 2539 2814 2603 204

454 2640 745 2717 (discolor
787 2642 954 2705 unde
998 2642 1149 2705 auri
1180 2662 1303 2723 per
1350 2661 1557 2706 ramos
1624 2662 1793 2705 aura
1857 2641 2136 2724 refulsit)
2198 2641 2403 2707 verbis
2461 2642 2588 2705 his:
2662 2641 2814 2703 auri

451 2763 621 2806 aura
677 2744 970 2825 splendor
1014 2746 1179 2811 auri.
1224 2745 1540 2809 Horatius
1559 2771 1580 2809 .·
1650 2745 1794 2808 Tua·
1861 2765 1938 2808 rie
2002 2744 2276 2808 retardet
2329 2764 2499 2807 aura
2553 2744 2813 2807 maritos

456 2848 494 2909 i.
543 2866 594 2911 e.
641 2848 956 2928 splendor.
1005 2850 1280 2913 virorum
1325 2848 1648 2913 doctorum
1695 2852 1885 2913 miras
1932 2848 2053 2913 loci
2097 2847 2430 2913 Horatiani
2477 2865 2663 2927 supra
2709 2846 2814 2910 ad-

453 2950 673 3032 scripti
717 2952 1261 3033 interpretationes
1308 2971 1423 3016 non
1474 2955 1566 3015 est
1610 2951 1796 3015 huius
1828 2953 1948 3015 loci
1993 2969 2335 3026 recensere;
2382 2950 2540 3014 mihi
2564 2949 2814 3031 quidem

453 3072 524 3117 ex
576 3055 745 3118 omni
795 3057 971 3137 parte
1026 3054 1332 3119 satisfacit
1387 3054 1715 3136 explicatio
1763 3053 1995 3131 Servii,
2061 3072 2247 3135 quam
2294 3071 2437 3116 cum
2482 3053 2623 3117 aliis
2676 3056 2814 3116 tum

454 3157 808 3221 novissimis
869 3156 1116 3221 Horatii
1175 3158 1616 3239 interpretibus
1661 3157 1988 3238 probatam
2037 3157 2232 3233 video,
2280 3156 2386 3237 qui
2430 3175 2662 3219 auram
2706 3174 2814 3236 per

454 3258 738 3324 Liebreiz
798 3261 1104 3341 explicant
1139 3260 1396 3340 (Nauck,
1444 3259 1747 3339 Krueger,
1795 3258 1869 3322 cf.
1903 3259 2140 3341 Keller,
2182 3258 2420 3340 Epileg.
2467 3277 2540 3321 zu
2584 3260 2735 3322 Hor.
2781 3258 2816 3321 I

456 3380 515 3442 p.
547 3362 720 3445 140).
769 3363 983 3426 eadem
1015 3362 1182 3426 vocis
1228 3380 1265 3425 a
1285 3380 1466 3427 urae
1512 3360 1886 3445 significatio
1917 3361 2076 3425 mihi
2108 3363 2345 3424 exstare
2377 3359 2622 3426 videtur
2654 3364 2815 3443 apud

457 3466 850 3547 Propertium
897 3464 963 3528 II
1011 3466 1109 3529 17.
1180 3465 1287 3540 (23
1336 3464 1575 3546 Muell.)
1635 3466 1742 3548 15,
1812 3464 1920 3528 ubi
1987 3466 2171 3548 poeta
2238 3464 2607 3529 suavissimo
2674 3466 2816 3529 lusu

457 3568 770 3648 duplicem
816 3586 1000 3633 aurae
1048 3568 1565 3651 significationem
1612 3572 1877 3650 tangens
1924 3568 2078 3632 haec
2125 3567 2319 3632 dicit:

462 3688 612 3751 Iam
658 3689 795 3752 licet
838 3692 894 3752 et
942 3687 1165 3770 Styyia
1210 3688 1418 3752 sedeat
1469 3690 1579 3770 (sc.
1632 3688 1879 3771 amans)
1925 3692 2039 3753 sub
2084 3687 2409 3751 arundine
2452 3704 2658 3748 remex

546 3789 780 3855 Cernat
824 3794 881 3855 et
924 3790 1219 3872 infernae
1264 3791 1484 3857 tristia
1525 3791 1663 3854 vela
1708 3791 1904 3855 ratis:

458 3891 535 3956 Si
577 3894 755 3957 modo
800 3894 1179 3958 damnatum
1222 3895 1592 3958 revocaverit
1637 3914 1839 3957 aura
1878 3894 2149 3973 puellae,

547 3994 911 4061 Concessum
956 3995 1142 4060 nulla
1187 3996 1312 4079 leye
1355 3996 1584 4062 redibit
1627 3999 1766 4060 ite-r.

661 4135 872 4199 Etiam
919 4135 1018 4199 hic
1062 4137 1452 4200 coniecerunt
1479 4135 1557 4199 N.
1592 4135 1889 4200 Heinsius
1921 4135 1983 4198 et
2013 4132 2421 4198 Marklandus
2466 4131 2816 4195 revocarint

462 4255 606 4321 ora3
683 4241 957 4302 ceterum
1015 4238 1225 4302 eadem
1285 4242 1378 4302 est
1433 4239 1599 4303 inter
1659 4240 2031 4320 interpretes
2087 4237 2417 4317 dissensiO,
2479 4234 2586 4317 qui
2634 4236 2816 4298 modo

460 4339 736 4420 odorem,
809 4342 989 4405 modo
1044 4360 1293 4419 sonum,
1359 4343 1543 4408 modo
1605 4340 1903 4418 favorem,
1975 4343 2155 4405 modo
2221 4357 2473 4403 suavem
2548 4336 2824 4401 halitum

461 4441 862 4527 intellegunt.

2543 4559 2617 4614 4*
