3371 5070
1456 397 1879 463 -56-

490 585 569 650 iis
614 584 721 667 qui
766 588 1055 649 secuntur
1116 583 1396 649 versibus
1455 588 1639 667 poeta
1681 583 1925 666 puellas
1988 583 2154 667 ipsas
2199 584 2487 667 appellet,
2556 585 2620 648 in
2664 603 2724 648 v.
2779 583 2852 647 17

490 688 794 752 secundae
835 686 1096 769 pluralis
1141 705 1436 770 personae
1488 686 1719 752 mentio
1767 705 1949 770 aegre
1995 686 2394 752 desideretur.
2443 704 2632 769 quam
2681 704 2856 767 saepe

490 788 606 856 hae
630 790 1064 871 pronominum
1089 790 1322 854 formae
1354 789 1806 855 confundantur
1838 789 2105 854 inlibris
2136 808 2285 857 mss,
2312 792 2465 857 satis
2496 792 2713 855 notum
2740 795 2852 861 est.

697 911 775 974 In
833 909 912 974 iis
971 927 1124 992 quae
1181 912 1458 991 proxime
1512 914 1808 974 secuntur
1854 911 2058 976 verbis
2113 911 2310 992 possit
2365 912 2501 993 quis
2560 912 2853 989 dubitari,

492 1015 706 1078 utrum
770 1032 908 1077 cum
960 1012 1051 1075 M
1066 1010 1120 1075 0
1171 1012 1313 1079 aliis
1369 1012 1772 1078 scribendum
1817 1014 1928 1079 sit:
1981 1035 2037 1078 v.
2092 1018 2326 1078 matres
2382 1018 2627 1078 teueras
2674 1036 2746 1095 p.
2786 1035 2852 1096 p.

493 1135 574 1181 an
621 1133 761 1181 cum
806 1115 1062 1199 reliquis
1103 1137 1161 1180 v.
1195 1120 1445 1180 teneras
1474 1120 1711 1181 matres
1732 1137 1799 1197 p.
1827 1137 1919 1197 p„
1953 1136 2137 1199 quem
2167 1119 2494 1183 verborum
2526 1119 2853 1183 decursum

491 1219 683 1284 etiam
729 1217 971 1305 LRN¹
1026 1221 1300 1284 tuentur.
1358 1222 1571 1283 utrum
1617 1218 1702 1285 sit
1745 1221 2254 1301 amplectendum
2299 1241 2330 1284 e
2377 1222 2693 1286 constanti
2738 1239 2855 1284 usu

491 1319 794 1386 Ovidiano
840 1321 1037 1387 evinci
1079 1341 1259 1404 posse
1306 1322 1570 1387 videtur.
1614 1322 1737 1386 etsi
1783 1323 1947 1387 enim
1995 1324 2224 1388 mirum
2262 1329 2567 1404 quantum
2601 1324 2855 1389 adamat

491 1424 748 1490 Ovidius
797 1445 931 1490 eam
979 1425 1307 1491 verborum
1352 1427 1843 1504 collocationem,
1877 1428 1948 1491 ut
1979 1427 2358 1492 substantivi
2403 1427 2468 1490 in
2513 1426 2636 1491 fine
2667 1427 2853 1491 hexa-

490 1528 677 1592 metri
710 1546 917 1593 versus
949 1529 1141 1611 positi
1172 1528 1493 1612 epitheton
1525 1533 1671 1595 ante
1703 1548 2023 1594 caesuram
2069 1530 2613 1612 penthemimerim
2646 1535 2852 1612 ponat,

488 1633 698 1697 tamen
743 1631 850 1695 ubi
892 1634 1014 1696 duo
1062 1632 1125 1695 in
1172 1651 1293 1697 uno
1338 1633 1695 1698 hexametro
1740 1632 2134 1698 substantiva
2177 1652 2319 1697 cum
2364 1652 2474 1697 suo
2521 1635 2854 1715 utrumque

486 1735 792 1799 attributo
848 1734 1239 1810 adhibentur,
1313 1736 1634 1799 collocatio
1703 1754 1946 1817 eorum,
2017 1737 2071 1800 si
2142 1737 2340 1799 metro
2397 1737 2662 1800 liberum
2723 1737 2855 1802 eius

487 1837 579 1901 rei
624 1838 806 1902 datur
853 1836 1202 1913 arbitrium,
1251 1857 1283 1901 e
1329 1837 1559 1902 verbi
1604 1839 1906 1920 positione
1950 1839 2211 1919 pendet3
2272 1841 2454 1919 prout
2502 1839 2668 1902 enim
2712 1860 2853 1905 ver-

488 1940 638 2004 bum
667 1940 1055 2023 paenultimo
1087 1941 1187 2005 vel
1219 1942 1756 2023 antepaenultimo
1788 1943 1921 2006 loco
1966 1942 2237 2024 ponitur,
2287 1943 2530 2024 reliqua
2574 1944 2854 2008 membra

488 2044 581 2107 sic
641 2044 1052 2127 disponuntur
1104 2082 1176 2089 —
1226 2043 1622 2109 substantiva
1681 2045 1965 2129 significo
2028 2046 2257 2109 litteris
2302 2045 2477 2123 AB,
2548 2048 2853 2112 attributa

487 2165 632 2212 cum
679 2146 778 2212 his
825 2147 1158 2212 coniuncta
1204 2146 1312 2223 ab,
1340 2149 1597 2212 verbum
1642 2150 1768 2213 litt.
1806 2148 1990 2214 0—:
2040 2147 2353 2214 aAbC'B
2381 2152 2490 2214 aut
2521 2149 2608 2212 ab
2625 2147 2848 2231 CAR.

693 2268 898 2333 Huius
930 2288 1080 2334 usus
1111 2272 1184 2332 ut
1213 2286 1322 2351 pro
1355 2269 1576 2333 multis
1608 2289 1805 2352 pauca
1839 2271 2186 2335 adscribam
2235 2271 2542 2352 exempla:

696 2387 1042 2456 abCAB:

693 2510 845 2576 Met.
895 2511 925 2575 Ι
976 2511 1128 2575 147:
1179 2509 1434 2574 Lurida
1499 2512 1809 2576 terribiles
1874 2511 2127 2574 miscent
2196 2512 2452 2575 aconita
2507 2530 2809 2575 novercae

769 2665 797 2695 ,‚
891 2615 923 2678 I
975 2615 1124 2679 153:
1172 2615 1449 2697 Altaque
1492 2621 1803 2704 eonyestos
1847 2616 2151 2678 struxisse
2183 2615 2269 2677 acl
2312 2615 2527 2679 sidera
2570 2619 2804 2678 montes

771 2768 803 2804 „
896 2718 928 2781 Ι
971 2719 1128 2783 484:
1176 2718 1464 2783 Pulchra
1507 2720 1844 2782 verecundo
1889 2719 2288 2799 suffestmlitur
2332 2738 2449 2780 ora
2493 2717 2710 2781 rubore

663 2822 838 2885 Rem.
874 2839 994 2886 am.
1029 2821 1187 2888 367:
1235 2821 1327 2885 Et
1357 2827 1470 2886 tua
1500 2822 1839 2904 sacrileyae
1873 2822 2214 2885 laniarunt
2246 2822 2543 2885 carmina
2575 2820 2847 2904 linquae.

661 2923 814 2988 Met.
874 2924 963 2988 VI
1032 2926 1145 2988 22:
1220 2924 1362 2988 Sive
1428 2925 1547 2990 levi
1625 2930 1870 2990 teretem
1948 2926 2234 2988 versabat
2305 2925 2536 3005 pollice
2602 2925 2851 3007 fusum;

693 3067 736 3108 a
1739 3103 1743 3107 Α
2831 3100 2834 3104 .

661 3046 859 3214 Beni?
873 3045 1012 3214 (ἐξ.
1059 3150 1175 3214 57:
1245 3150 1377 3214 Nee
1430 3151 1703 3214 morieus
1746 3149 1919 3214 Dido
1976 3169 2224 3213 summa
2279 3148 2531 3213 vidisset
2586 3149 2663 3213 ab
2710 3167 2853 3213 arce

658 3254 800 3316 Am.
867 3253 899 3316 I
951 3254 1010 3316 7.
1072 3252 1185 3318 55:
1267 3251 1347 3317 Ut
1404 3253 1533 3318 lem·
1588 3253 1855 3346 zephyro
1918 3253 2191 3335 yracilis
2257 3253 2546 3317 vibratur
2604 3250 2853 3315 arundo

659 3355 812 3419 Met.
858 3355 1017 3419 VIII
1061 3356 1220 3419 512:
1270 3355 1634 3420 Funereum
1678 3361 1912 3419 torrem
1955 3356 2191 3420 medios
2241 3356 2502 3420 coniecit
2543 3357 2615 3418 iu
2659 3355 2849 3438 iynes.

690 3470 829 3539 Etsi
875 3475 1072 3558 igitur
1115 3495 1226 3558 per
1270 3482 1546 3542 metrum
1592 3478 1796 3542 dicere
1840 3476 2023 3542 licuit
2068 3495 2320 3539 summa
2350 3476 2545 3555 Dido,
2589 3475 2852 3558 gracilis

486 3576 790 3659 zephyro,
859 3576 1094 3641 medios
1160 3583 1422 3657 torrem,
1503 3581 1716 3644 tamen
1781 3579 2048 3644 alteram
2114 3580 2485 3660 positionem
2559 3578 2851 3660 amplecti

490 3680 717 3747 maluit
749 3680 1030 3746 Ovidius,
1097 3682 1163 3745 in
1196 3682 1475 3747 versibus
1504 3682 1612 3765 qui
1645 3684 1861 3746 contra
1910 3683 2147 3747 faciunt
2188 3682 2519 3764 singularis
2550 3681 2851 3764 quaedam

493 3802 679 3850 causa
724 3787 821 3848 est
879 3783 1240 3860 statuenda,
1312 3787 1385 3849 ut
1435 3783 1809 3870 κακοφωνία
1883 3802 2041 3867 quae
2108 3789 2381 3862 vocatur,
2449 3784 2849 3866 ambiguitaS‚

493 3886 744 3952 similia.
782 3887 884 3951 hic
918 3906 1088 3963 usus,
1122 3887 1297 3953 cuius
1343 3888 1621 3970 exempla
1668 3890 1801 3952 sine
1850 3888 1978 3953 ullo
2025 3889 2255 3954 dilectu
2302 3889 2512 3971 attuli,
2562 3890 2848 3953 constans

488 3993 587 4057 est
632 3990 796 4073 apud
840 3988 1151 4067 Ovidium,
1212 3993 1303 4055 ita
1348 3993 1420 4055 ut
1466 3994 1855 4073 aliquantum
1919 3992 2139 4058 fulcire
2183 3994 2473 4057 videatur
2517 3992 2846 4055 lectionem

486 4095 720 4160 codicis
768 4097 871 4159 M:
960 4092 1055 4157 At
1102 4114 1156 4158 v.
1203 4099 1438 4159 matres
1502 4100 1750 4159 teneras
1806 4116 2099 4176 peperere
2146 4095 2419 4176 puellas,
2503 4093 2846 4176 (HeinsiUS,

492 4200 909 4281 BurmannuS‚
955 4198 1223 4263 ‚Iahnius
1270 4199 1625 4264 ediderunt:
1672 4201 1765 4263 At
1807 4221 1862 4264 v.
1912 4204 2033 4264 teu.
2080 4204 2313 4262 matres
2347 4217 2416 4276 p.
2437 4196 2564 4279 p).

699 4320 791 4385 De
837 4318 1049 4384 verbis
1095 4339 1150 4383 v,
1190 4321 1268 4384 19
1315 4320 1772 4385 constituendis
1806 4321 1906 4385 vix
1937 4322 2070 4385 ulla
2116 4322 2484 4401 potestesse
2536 4314 2848 4380 dubitatio

488 4425 864 4503 comparatis
916 4423 1014 4487 his
1061 4421 1214 4487 locis
1263 4423 1533 4491 duobus:
1603 4424 1752 4514 Met.
1787 4427 1847 4490 11
1892 4425 2053 4488 412:
