3371 5070
1483 414 1906 478 ..27-

518 604 785 687 signitas
853 607 950 670 est
1016 606 1222 679 codex,
1292 620 1412 684 quo
1480 600 1844 667 Germanici
1918 594 2147 667 Aratea
2212 600 2630 679 continentur,
2685 618 2886 683 neque

516 706 684 773 ullus
730 708 793 772 in
838 706 950 771 illa
995 705 1373 770 bibliotheca
1418 705 1625 771 exstat
1669 703 1831 769 liber
1875 722 2038 770 saec·
2079 703 2190 768 XI.
2225 703 2436 785 Ovidii
2481 722 2667 786 opera
2712 720 2881 769 com-

515 811 919 894 prehendam,
943 807 1007 873 id
1037 809 1198 890 quod
1244 807 1515 891 benigne
1539 820 1787 871 mecum
1816 807 2299 873 communicavit
2329 806 2881 873 reverendissimus

515 910 1034 978 bibliothecarius
1079 910 1411 995 Gabriell
1458 909 1723 973 Meier.

724 1221 1053 1301 Apparatu
1123 1218 1344 1284 critico
1413 1218 1539 1283 iam
1609 1217 1916 1299 descripto
1976 1220 2049 1282 de
2095 1215 2459 1297 rationibuS,
2519 1235 2673 1298 quae
2717 1216 2882 1281 inter

521 1320 800 1405 singulos
847 1323 1041 1387 libros
1085 1323 1514 1398 intercedant,
1559 1322 1991 1403 disputaturus
2052 1320 2171 1385 hoc
2222 1337 2558 1403 proponam
2616 1338 2716 1383 me
2772 1336 2883 1401 pro

518 1424 734 1507 exiguo
777 1426 1072 1506 poematii
1117 1423 1366 1489 ambitu
1413 1440 1533 1487 non
1581 1442 1806 1488 ausum
1864 1442 1997 1488 esse
2058 1426 2296 1487 certum
2357 1440 2569 1487 eorum
2616 1424 2883 1486 stemma

515 1530 875 1593 construere
893 1576 908 1606 ,
967 1546 1043 1592 ne
1100 1528 1368 1592 incertas
1411 1528 1626 1592 rimari
1674 1528 1913 1593 viderer
1968 1528 2385 1604 coniecturas;
2461 1527 2673 1591 tamen
2731 1525 2882 1591 haec

516 1632 647 1696 fere
693 1632 892 1696 statui
935 1648 1112 1715 posse
1156 1631 1325 1712 puto.

721 1751 873 1816 Tria
917 1749 1313 1831 potissimum
1346 1750 1647 1824 codicum,
1680 1767 1832 1832 quos
1872 1751 2247 1829 enumeravi,
2283 1752 2544 1833 possunt
2574 1750 2881 1834 distingui

516 1872 761 1937 genera,
832 1853 1104 1934 primum
1120 1903 1140 1937 ,
1211 1853 1370 1935 quod
1439 1855 1677 1917 textum
1746 1853 1890 1936 plus
1957 1855 2165 1919 minus
2233 1854 2505 1918 servavit
2564 1854 2879 1936 integrum

523 1957 720 2040 (codd.
768 1956 854 2020 M
872 1954 1013 2036 GL)
1036 2004 1052 2030 ,
1121 1957 1395 2021 alterum
1452 1955 1688 2021 codices
1744 1974 1900 2021 saec.
1946 1956 2125 2022 XIII.
2187 1957 2547 2040 plerumque
2602 1976 2881 2039 compre-

511 2060 786 2125 hendens
846 2058 934 2144 N¹
961 2057 1024 2122 R
1058 2057 1119 2121 B
1145 2057 1206 2123 G
1252 2059 1535 2137 Mentel„
1601 2059 1762 2141 quod
1820 2060 2155 2125 manifesta
2212 2079 2360 2141 prae
2408 2079 2477 2124 se
2521 2061 2644 2124 fert
2687 2078 2884 2126 novae

515 2162 888 2227 recensionis
913 2164 1191 2244 vestigia,
1225 2163 1505 2238 tertium,
1542 2164 1720 2228 cuius
1752 2167 1899 2228 sunt
1928 2164 2154 2245 reliqui
2176 2182 2409 2242 omnes,
2438 2168 2598 2246 quod
2628 2163 2877 2248 longius

515 2266 708 2330 etiam
768 2267 1139 2347 procedente
1196 2264 1547 2348 corrigendi
1605 2268 1707 2330 vel
1768 2269 1972 2347 potius
2030 2266 2316 2331 mutandi
2374 2265 2638 2331 libidine
2682 2268 2880 2350 magis

515 2367 837 2432 doctorum
883 2387 1037 2433 saec.
1085 2367 1224 2432 XV.
1271 2369 1479 2433 studia
1523 2387 1709 2453 quam
1753 2373 2005 2451 poetam
2050 2365 2257 2452 ipsum
2301 2369 2747 2453 repraesentat.

716 2486 920 2554 Codex
950 2491 1159 2554 autem
1205 2488 1267 2552 et
1310 2487 1500 2569 primi
1545 2488 1714 2554 illius
1760 2489 2002 2573 generis
2047 2489 2111 2555 et
2141 2488 2439 2569 omnium,
2475 2489 2580 2572 qui
2612 2489 2876 2569 exstant,

512 2594 692 2676 longe
748 2592 1323 2674 praestantissimus
1392 2597 1487 2656 est
1536 2591 1636 2674 M,
1685 2611 1758 2656 ex
1827 2611 1945 2674 quo
2014 2594 2230 2677 utique
2297 2593 2722 2676 suspendenda
2784 2597 2880 2658 est

510 2695 684 2761 crisis
730 2694 948 2772 libelli,
999 2713 1186 2776 quem
1229 2694 1593 2759 tractamus,
1641 2695 1750 2781 qui
1794 2695 1863 2759 in
1906 2694 2025 2760 hoc
2054 2694 2600 2779 deprehenduntur
2644 2713 2878 2760 errores

511 2801 873 2881 plerumque
916 2801 1026 2863 aut
1071 2798 1232 2861 tales
1277 2800 1442 2875 sunt,
1491 2799 1707 2880 quales
1758 2797 1860 2864 vel
1905 2797 1970 2861 in
2015 2797 2474 2879 antiquissimis
2520 2801 2583 2862 et
2629 2799 2879 2881 optimis

515 2900 610 2965 vel
654 2899 1157 2966 transscribendo
1206 2901 1304 2966 vel
1353 2896 1592 2964 'calami
1651 2902 1838 2982 lapsu
1895 2902 2060 2966 ortos
2116 2920 2247 2965 esse
2293 2900 2607 2978 videmuS,
2652 2904 2761 2966 aut
2805 2902 2884 2965 ad

518 3022 839 3069 commune
883 3004 1163 3070 omnium
1208 3009 1357 3085 quot
1419 3005 1668 3068 exstant
1724 3003 2135 3086 archetypum
2198 3006 2344 3067 sunt
2400 3002 2727 3067 referendi.
2819 3005 2883 3069 in

514 3125 773 3171 numero
819 3107 929 3171 illo
974 3106 1263 3171 habenda
1309 3107 1459 3170 sunt
1490 3107 1646 3171 vitia
1685 3105 2074 3170 huiusmodi:
2121 3125 2179 3170 v.
2218 3106 2292 3169 11
2341 3109 2519 3168 tanto
2564 3123 2673 3187 pro
2703 3106 2875 3205 tatio,

514 3229 571 3275 v,
621 3210 702 3274 13
733 3210 998 3290 prebens
1055 3229 1167 3294 pro
1213 3228 1513 3291 premens
1570 3211 1633 3273 et
1677 3228 1741 3273 v.
1788 3209 1874 3273 90
1903 3207 2261 3289 prebendas
2316 3225 2425 3290 pro
2468 3208 2875 3291 premendae,

511 3332 567 3378 v.
619 3311 699 3378 19
743 3309 951 3376 vultus
993 3331 1102 3395 pro
1149 3311 1359 3389 vultiS,
1408 3332 1465 3377 v,
1512 3311 1594 3377 21
1643 3309 1944 3374 stridente
1986 3327 2095 3393 pro
2141 3311 2396 3395 oriente,
2444 3333 2501 3378 v.
2552 3311 2638 3378 35
2681 3313 2739 3376 si
2765 3331 2878 3395 pro

509 3415 618 3491 sie,
666 3435 724 3481 v.
773 3413 857 3482 65
899 3415 1060 3482 balli
1124 3434 1236 3499 pro
1298 3412 1603 3502 yum[m]i
1660 3433 1734 3479 ex
1801 3413 2192 3479 antecedenti
2249 3414 2449 3481 bullos
2490 3434 2600 3499 pro
2646 3413 2873 3495 bulbos,

509 3537 565 3583 v.
587 3572 596 3581 .
615 3519 696 3584 76
740 3518 941 3583 tristis
984 3537 1095 3602 pro
1140 3518 1334 3602 tritae,
1373 3517 1623 3582 similia.

713 3621 817 3685 Ad
860 3641 1185 3688 commune
1231 3622 1446 3686 autem
1491 3619 1895 3705 archetypum
1928 3620 2285 3687 referendae
2315 3625 2462 3687 sunt
2493 3623 2874 3704 corruptelae

509 3723 575 3787 in
620 3742 720 3789 vv.
766 3726 826 3803 2,
858 3724 962 3803 35,
994 3724 1098 3805 44,
1139 3724 1239 3803 70,
1274 3724 1377 3803 97,
1412 3725 1492 3788 al.
1545 3725 1648 3806 (de
1693 3724 1872 3788 libris
1923 3722 1979 3788 G
1991 3722 2049 3786 L
2093 3723 2299 3806 aptius
2346 3725 2559 3806 postea
2602 3725 2867 3808 agetur).

716 3825 839 3892 Sed
885 3844 1028 3891 cum
1057 3827 1214 3892 talia
1244 3820 1398 3892 vitia
1423 3819 1599 3892 facili
1634 3827 1887 3912 negotio
1913 3826 2444 3910 deprehendantur
2468 3830 2529 3890 et
2557 3832 2877 3911 perspecta

507 3928 752 3996 librarii
782 3928 903 3994 fide
933 3929 1278 4013 corrigendi
1310 3948 1560 4013 operam
1585 3931 1851 3996 reddant
1873 3929 2237 4006 faciliorem,
2269 3928 2566 3995 lectiones
2593 3931 2873 3995 codicum

508 4052 556 4097 s.
601 4032 785 4098 XIII.
834 4032 922 4118 N¹
964 4031 1027 4096 R
1071 4032 1138 4095 B
1183 4032 1244 4098 G
1291 4031 1703 4111 Menteliam‘,
1773 4033 1937 4114 quod
1981 4032 2256 4097 alterum
2301 4050 2496 4115 genus
2543 4050 2675 4097 esse
2720 4033 2877 4099 dixi-

507 4149 680 4216 mus,
746 4135 1109 4219 plerumque
1175 4154 1279 4201 eae
1345 4137 1533 4219 sunt,
1606 4153 1763 4217 quae
1828 4134 2185 4200 correctoris
2255 4152 2512 4199 manum
2587 4138 2871 4219 prodant,

507 4239 672 4304 unde
717 4259 795 4305 ne
845 4239 925 4305 iis
968 4239 1218 4322 quidem
1269 4239 1440 4320 locis,
1498 4238 1717 4322 quibus
1768 4238 1857 4301 M
1860 4235 1986 4307 GL
2030 4238 2128 4303 vel
2178 4235 2271 4301 M
2300 4257 2457 4303 unus
2502 4239 2873 4322 scripturam

506 4343 833 4408 manifeste
901 4346 1256 4427 corruptam
1321 4343 1637 4419 exhibent,
1683 4341 1938 4406 illorum
1984 4343 2200 4408 autem
2244 4359 2401 4406 unus
2446 4336 2683 4408 alterve
2727 4362 2870 4425 pro-

507 4443 782 4509 babilem
827 4445 1079 4528 praebet
1149 4444 1501 4524 lectionem,
1568 4444 1649 4510 iis
1716 4446 1899 4526 plane
1956 4444 2144 4510 fidem
2187 4443 2438 4526 habere,
2497 4448 2604 4510 sed
2663 4451 2875 4512 utrum
