3371 5070
1506 410 1933 476 ..59—

539 599 710 663 textu
755 600 887 680 ipso
919 616 1149 680 ponens
1194 598 1270 662 si.
1327 599 1433 663 sed
1478 614 1854 680 quamquam
1896 598 2048 663 haec
2092 600 2493 671 constructio:
2540 619 2649 673 nec
2692 605 2896 666 tomen

537 701 880 784 indiynum
928 699 1034 786 (sc.
1067 705 1196 780 est),
1240 709 1296 765 si
1339 701 1504 766 vobis
1548 720 1707 765 cura
1740 701 2056 782 placendi.
2094 705 2199 784 (sc.
2232 707 2363 782 est),
2395 723 2565 768 cum.
2595 755 2607 768 .
2637 754 2651 769 .
2694 723 2899 787 gram-

539 804 803 875 maticae
869 805 1209 889 praeceptis
1255 823 1379 870 non
1421 805 1764 887 repugnat,
1809 806 2017 869 tamen
2066 805 2276 870 durior
2323 824 2458 879 esse
2500 806 2749 885 yidetur
2790 828 2898 891 pro

539 906 745 973 Ovidii
790 909 1117 992 elegantia..
1168 909 1332 973 certe
1374 908 1717 991 indiynum
1745 909 1801 971 si
1829 908 1928 972 vel
1957 908 2263 991 indiynor
2305 909 2365 973 si
2408 912 2571 991 apud
2604 909 2896 984 Ovidium

538 1028 638 1083 me
683 1009 914 1093 legisse
957 1010 1404 1101 nonssmemini.

742 1132 815 1196 In
854 1152 918 1197 v.
965 1133 1051 1197 24
1096 1134 1359 1216 quodam
1410 1133 1589 1198 modo
1635 1133 1970 1217 speciosius
2013 1134 2134 1199 dici
2172 1137 2234 1199 et
2265 1138 2344 1201 ad
2373 1135 2643 1213 hilarem
2674 1136 2893 1202 horum

536 1251 831 1300 versuum
877 1237 1144 1309 colorem
1188 1239 1387 1320 magis
1431 1237 1734 1319 quadrare
1761 1237 2115 1320 putaverim
2159 1237 2411 1307 saccula
2452 1242 2658 1303 vestra
2702 1259 2891 1322 quam

534 1340 788 1403 saecula
819 1343 1058 1409 nostra.
1108 1341 1372 1405 alteram
1394 1339 1660 1423 pluralis
1685 1357 2010 1422 personam
2034 1341 2248 1406 tuetur
2261 1342 2887 1423 consensuscodicum

538 1441 631 1505 M
639 1440 694 1507 Ο
704 1441 780 1520 L,
829 1460 976 1508 cum·
1017 1446 1236 1507 nostra
1281 1445 1343 1507 in
1389 1442 1587 1509 altera
1632 1446 1886 1509 demum
1930 1444 2245 1519 librorum„
2281 1443 2525 1512 familia
2568 1448 2884 1527 appareat.

535 1546 694 1610 adde
739 1550 923 1628 quod,
973 1546 1094 1639 etsi
1121 1546 1472 1629 ,peculiaris
1522 1548 1618 1612 est
1663 1545 2063 1611 librariorum
2111 1565 2279 1611 error
2325 1547 2736 1613 confundendi
2784 1549 2895 1613 has

535 1648 896 1731 scripturas
925 1650 1040 1715 hoc
1063 1649 1317 1731 quidem
1348 1651 1479 1715 loco
1512 1668 1735 1715 manus
1767 1649 1980 1725 dedit-a
2018 1667 2200 1733 opera
2229 1655 2481 1716 mutans
2512 1651 2891 1734 deprehendi

531 1753 819 1827 videtur,
877 1755 1024 1835 quia
1066 1754 1257 1819 iidem
1303 1752 1433 1818 fere
1479 1753 1721 1817 codices
1766 1753 1883 1818 hoc
1930 1772 2112 1819 versu
2158 1758 2383 1817 nostra
2427 1754 2738 1835 exhibent,
2788 1757 2892 1837 qui

532 1875 590 1920 v.
645 1857 719 1919 17
778 1861 1062 1920 nostrae
1079 1860 1312 1927 matres
1363 1855 1468 1937 (cf.
1530 1857 1725 1929 etiam
1783 1857 2251 1921 adnotationem
2305 1858 2449 1921 crit.
2509 1860 2606 1922 ad
2653 1878 2707 1922 v.
2755 1858 2889 1940 35).

534 1960 751 2042 quodsi
796 1960 935 2042 quis
983 1959 1267 2024 consulto
1313 1961 1527 2040 poetae
1571 1957 1768 2023 verba
1810 1959 2213 2042 retractavit,
2276 1965 2442 2025 certe
2502 1938 2699 2024 multo
2746 1980 2887 2044 pro·

532 2062 808 2128 babilius
841 2067 936 2128 est
972 2083 1110 2127 eum
1140 2066 1401 2144 utroque
1441 2063 1576 2126 loco
1612 2061 1883 2142 primam
1915 2061 2176 2157 pluralis
2202 2080 2526 2159 personam
2552 2066 2889 2145 reposuisse

535 2167 893 2250 corrigendo
959 2186 1030 2230 ex
1083 2165 1312 2249 altera,
1380 2182 1566 2248 quam
1626 2184 1697 2229 ex
1740 2165 1947 2247 prima
1991 2146 2387 2230 remotiorem
2434 2152 2715 2245 alteram,
2765 2184 2885 2248 qua

531 2269 873 2337 dictionem
940 2268 1375 2351 speciosiorem
1442 2260 1575 2332 fieri
1622 2268 1923 2334 videmus
2014 2268 2172 2332 mihi
2242 2267 2472 2353 igitur,
2545 2269 2662 2333 etsi
2729 2272 2889 2361 quod

532 2372 728 2437 sciam
772 2372 1013 2455 praeter
1057 2370 1357 2437 editiones
1415 2369 1725 2452 principes
1788 2389 1967 2435 nemo
2027 2371 2342 2454 hucusque
2407 2376 2610 2436 vestra
2676 2371 2887 2459 edidit,

528 2478 677 2543 haec
709 2476 1016 2560 scriptura
1046 2478 1246 2559 magis
1292 2473 1610 2557 probatur.

731 2598 807 2666 In
854 2615 912 2662 v.
959 2597 1046 2662 25
1100 2598 1367 2661 editores
1425 2594 1610 2679 vulgo
1654 2595 1902 2661 Heinsii
1956 2596 2372 2661 coniecturam
2423 2571 2888 2674 amplectuntur

531 2701 858 2768 scribentis
882 2701 1226 2782 poliuntur
1254 2716 1364 2782 pro
1384 2698 1749 2779 potiuntur,
1782 2699 1960 2764 libris
1992 2700 2280 2768 omnibus
2305 2699 2523 2763 invitis
2555 2700 2885 2765 intrusam.

529 2806 636 2870 sed
703 2806 955 2887 propter
1013 2822 1081 2869 ea
1141 2822 1296 2885 quae
1353 2804 1534 2867 modo
1591 2805 1886 2886 secuntur
1917 2807 2149 2886 ‚nupta
2193 2803 2302 2866 viae
2358 2801 2535 2865 habet
2591 2803 2755 2882 quod
2799 2803 2887 2866 ad

526 2909 731 2973 cultus
775 2907 975 2972 addat
1018 2907 1294 2989 potiendi
1354 2906 1520 2970 notio
1580 2905 1646 2968 in
1706 2924 1890 2970 versu
1948 2905 2340 2986 antecedenti
2399 2905 2454 2969 si
2499 2906 2663 2987 quod
2709 2905 2883 2990 aliud

526 3012 857 3093 aptissima
901 3011 1014 3075 est.
1064 3010 1141 3074 cf.
1174 3010 1310 3074 Art.
1346 3027 1465 3072 am.
1497 3008 1598 3073 ΙΙΙ
1641 3008 1787 3085 437,
1835 3009 1942 3082 ubi
1988 3009 2063 3075 de
2110 3009 2386 3073 virorum
2432 3009 2605 3073 cultu
2639 3012 2884 3092 agitur:

525 3113 806 3179 Femina
848 3112 1005 3195 quid
1045 3112 1271 3196 faciat,
1317 3131 1458 3177 cum
1501 3111 1585 3174 sit
1628 3111 1731 3175 vir
1776 3111 1965 3180 levior
2009 3112 2155 3192 ipsa
2173 3112 2207 3182 Ρ
2249 3109 2256 3174 ᾗ

730 3235 848 3301 Vv.
895 3236 977 3299 27
1037 3252 1128 3316 sq.
1177 3232 1335 3301 Cum
1402 3231 1524 3295 loci
1592 3232 1906 3313 hucusque
1964 3232 2234 3323 tractati
2291 3232 2466 3297 facili
2522 3236 2884 3316 plerumque

524 3339 771 3423 negotio
829 3337 1146 3420 potuerint
1204 3336 1432 3412 sanari,
1480 3353 1579 3401 vv,
1628 3334 1707 3398 27
1758 3354 1848 3417 sq.
1895 3334 2349 3418 insuperabiles
2405 3353 2600 3419 paene
2657 3339 2884 3403 habent

524 3440 952 3524 difficultateS,
999 3441 1064 3504 in
1111 3440 1338 3523 quibus
1384 3438 1786 3520 expediendis
1832 3438 1955 3504 viri
1988 3437 2156 3504 docti
2204 3440 2437 3504 dudum
2485 3441 2878 3507 sudaverunt.

525 3547 711 3611 codex
755 3544 1117 3609 Marcianus
1160 3544 1274 3607 hoc
1321 3541 1773 3608 distichon-sic
1818 3542 2099 3607 exhibet:
2771 3563 2774 3572 ⁸

870 3665 993 3729 Pro
1038 3684 1102 3730 se
1147 3683 1326 3748 queq3
1386 3664 1607 3747 parent
1652 3664 1709 3729 &
1755 3658 1836 3747 ῥῖ
1883 3665 2215 3745 uenerem?
2243 3684 2486 3731 amores

872 3768 1084 3833 Refert
1127 3767 1450 3832 mundicia
1495 3767 1758 3832 crimina
1804 3768 1978 3833 nulla
2022 3787 2122 3832 me
2152 3815 2167 3833 .
2194 3816 2208 3832 .
2240 3818 2253 3831 .
2290 3766 2321 3833 ΣΡ

725 3906 956 3971 Utrum
1010 3908 1248 3968 merent
1304 3921 1384 3967 an
1435 3907 1621 3968 ‘meret
1675 3904 1871 3970 fuerit
1927 3905 2134 3985 potest
2191 3921 2337 3968 sane
2399 3904 2691 3983 dubitari,
2739 3924 2878 3970 cum

520 4008 872 4074 litterarum
922 4007 1326 4074 evanidarum
1387 4007 1561 4071 nulla
1616 4009 1868 4098 omnino
1931 4008 2173 4071 exstent
2217 4007 2280 4071 in
2326 4007 2533 4072 codice
2578 4008 2877 4093 vestigia3

521 4113 628 4176 sed
687 4112 935 4194 propter
997 4110 1434 4175 antecedentes
1480 4110 1753 4191 plurales
1798 4110 2176 4192 probabilius
2225 4111 2321 4175 est
2377 4110 2567 4175 fuisse
2619 4118 2874 4190 merent,

522 4215 670 4280 licet
725 4214 1103 4298 singularem
1162 4212 1386 4294 reliqui
1443 4215 1685 4293 praeter
1742 4211 1783 4276 h
1850 4212 2212 4298 exhibeant3
2296 4232 2513 4294 nempe
2569 4214 2632 4277 in
2676 4217 2878 4279 omni-

522 4317 641 4383 bus
702 4322 951 4401 excepto
1010 4337 1073 4399 υΩ
1126 4317 1315 4382 etiam
1366 4316 1431 4379 in
1485 4333 1541 4379 v,
1585 4316 1666 4379 27
1714 4317 1955 4380 numeri
2001 4318 2346 4400 singulares
2380 4319 2524 4383 sunt
2569 4318 2767 4402 illati3
2813 4340 2876 4405 υ,2

518 4422 748 4501 autem,
811 4420 917 4503 qui
951 4423 1222 4500 patent.
1244 4467 1260 4483 .
1293 4422 1696 4483 ‚venerentur
1724 4469 1738 4484 .
1762 4467 1777 4482 .
1809 4466 1823 4481 .
1861 4425 2049 4484 meret
2104 4421 2392 4505 praebet,
2433 4423 2698 4506 ¹textum
2744 4425 2875 4488 tam
