3371 5070
1417 397 1840 461 -73-

655 579 775 644 Cur
819 580 884 644 in
932 583 1146 646 eodem
1192 602 1373 650 versu
1415 585 1631 651 invitis
1677 584 1988 651 codicibus
2035 588 2315 671 legamus
2362 608 2504 653 cum
2547 589 2805 654 Heinsio

455 683 767 764 utrimque
811 705 920 767 pro
966 690 1318 768 atrumque,
1367 688 1652 769 equidem
1700 708 1821 753 non
1868 691 2075 769 vide03
2123 694 2193 755 ut
2240 691 2408 755 enim
2439 711 2495 754 v.
2525 693 2600 756 71
2650 693 2807 774 legi-

453 788 583 850 tur:
632 791 899 869 atraque
946 795 1052 864 (sc.
1102 789 1314 870 lupini
1357 795 1414 853 et
1455 790 1661 874 fabae)
1707 810 1813 856 sex
1857 791 2128 857 habeant
2188 813 2380 875 aequo
2438 794 2808 859 discrimine

452 889 680 967 librae,
752 895 966 955 eodem
1022 892 1148 956 fere
1216 894 1395 958 modo
1464 895 1567 959 hic
1612 895 1849 958 dictum
1897 898 1993 960 est
2047 901 2379 977 atramque
2432 907 2536 973 (sc.
2583 902 2684 961 tas
2743 899 2808 962 et

451 992 722 1079 nitram)
767 993 953 1057 iustis
984 995 1371 1074 ponderibus
1415 997 1615 1061 triens
1658 1002 1800 1061 est0.

657 1115 731 1178 In
762 1133 820 1178 v.
848 1115 929 1178 87
956 1120 1094 1195 post
1124 1116 1453 1182 Heinsium
1488 1119 1673 1200 vulgo
1707 1119 1911 1183 editur
1955 1120 2275 1200 dereptam
2319 1121 2536 1185 cortice
2562 1121 2809 1203 yammi

455 1216 634 1280 libris
666 1217 793 1281 fere
825 1221 1109 1283 omnibus
1142 1219 1577 1284 exhibentibus
1608 1221 1942 1302 direptam.
1991 1241 2176 1304 quam
2210 1223 2512 1288 librorum
2542 1224 2806 1306 scriptu-

452 1337 587 1384 ram
631 1322 1015 1386 retinendam
1060 1341 1190 1388 esse
1235 1326 1415 1405 puto;
1463 1327 1703 1406 gummi
1751 1327 1933 1403 enim,
1982 1327 2143 1407 quod
2176 1331 2543 1392 exsudatum
2590 1345 2627 1391 a
2672 1328 2809 1409 qui-

456 1422 714 1488 busdam
761 1423 1084 1488 arboribus
1150 1426 1215 1489 in
1263 1428 1489 1491 cortice
1534 1429 1857 1508 spissatur,
1906 1430 1982 1493 ab
2031 1430 2142 1494 hoc
2201 1431 2332 1512 ipso
2386 1430 2809 1495 divellendum

456 1528 555 1591 vel
589 1526 999 1609 diripiendum
1031 1531 1124 1593 est
1139 1527 1244 1608 ⁴³).
1280 1531 1440 1612 quod
1467 1533 1677 1595 autem
1712 1533 1789 1597 ad
1813 1531 2083 1613 diripere
2109 1552 2219 1614 pro
2244 1533 2533 1598 divellere
2560 1533 2809 1617 attinet,

456 1629 732 1695 conferas
757 1633 908 1695 Met.
929 1630 1022 1694 XI
1048 1631 1160 1696 29:
1188 1631 1460 1712 direptos
1493 1633 1713 1698 arbore
1735 1653 1944 1698 ramos
1968 1635 2085 1717 (sic
2109 1635 2370 1716 Merkel,
2384 1636 2578 1719 Korn,
2594 1635 2808 1716 derep-

452 1738 544 1796 tos
590 1734 817 1812 Riese),
878 1734 1028 1797 ibid.
1076 1735 1176 1799 III
1230 1736 1352 1801 52:
1407 1735 1639 1816 pellem
1687 1737 1851 1800 leoni
1896 1737 2173 1818 diripere
2218 1739 2425 1815 (Riese
2470 1738 2650 1818 der.),
2695 1738 2812 1802 XV

454 1838 611 1903 304:
659 1837 910 1917 direpta
954 1837 1193 1902 bicorni
1235 1843 1412 1922 terya
1455 1860 1661 1920 capro,
1712 1841 2062 1923 Nipperdey
2107 1842 2183 1905 ad
2229 1841 2373 1906 Tac.
2421 1845 2583 1906 Ann.
2630 1842 2662 1904 I
2710 1842 2811 1924 35,

455 1941 567 2005 ubi
612 1940 873 2024 legitur:
919 1940 1165 2020 ferram
1194 1963 1235 2005 a
1267 1942 1459 2006 latere
1503 1943 1798 2022 diripuit,
1847 1944 2038 2008 etiam
2083 1943 2148 2007 in
2193 1944 2348 2008 Met.
2382 1944 2442 2006 X
2485 1943 2613 2008 475
2657 1943 2810 2009 scri-

452 2043 725 2108 bendum
774 2062 902 2108 esse
949 2048 1187 2110 censet:
1225 2046 1528 2125 pendenti
1560 2045 1839 2109 nitidam
1869 2046 2105 2128 vayina
2130 2047 2362 2126 diripit
2406 2066 2629 2123 ensem,
2664 2046 2810 2129 quia

454 2146 520 2210 in
569 2146 754 2228 Verg.
801 2149 956 2211 Aen.
1004 2147 1063 2210 X
1106 2149 1233 2212 475
1277 2149 1590 2214 Mediceus
1652 2149 1927 2213 exhibet:
1996 2150 2231 2231 vayina
2279 2169 2433 2213 cava
2474 2148 2813 2233 fatyentem

454 2248 684 2330 diripit
727 2268 950 2314 ensem.
1026 2249 1235 2323 Litore
1291 2251 1511 2331 funem
1555 2252 1831 2332 diripere
1877 2252 2108 2334 leyitar
2150 2254 2214 2316 in
2262 2252 2449 2334 Verg.
2511 2254 2663 2316 Aen.
2710 2252 2809 2316 III

456 2354 600 2418 266.
664 2354 932 2418 ceterum
980 2353 1094 2418 hoc
1139 2354 1399 2418 verbum
1444 2354 1662 2417 multis
1725 2355 1877 2419 locis
1939 2355 2169 2418 iniuria
2213 2355 2619 2418 immutatum
2686 2373 2814 2419 esse

455 2456 704 2520 videtur
771 2457 834 2521 vi
899 2459 1370 2540 praepositionis
1427 2457 1527 2520 dis
1583 2477 1704 2522 non
1774 2463 1941 2522 recte
2000 2463 2343 2544 perspecta.
2415 2458 2490 2522 cf.
2560 2458 2635 2521 de
2705 2457 2816 2523 illa

455 2560 747 2625 Iahnium
796 2560 874 2625 ad
908 2562 1088 2644 Verg.
1138 2560 1360 2644 Georg.
1407 2562 1473 2625 II
1517 2562 1587 2645 83
1659 2563 1772 2627 hoc
1818 2563 1949 2627 loco
1996 2564 2058 2626 et
2102 2562 2249 2628 libri
2291 2581 2441 2627 mss,
2488 2566 2550 2627 et
2595 2579 2810 2626 sensus

457 2684 594 2729 eam
638 2666 913 2729 tuentur.

651 2787 727 2850 In
771 2804 829 2850 v,
858 2786 939 2851 88
988 2807 1058 2850 ex
1108 2787 1282 2852 libris
1316 2785 1583 2872 Rhl2G
1612 2789 1692 2869 (P)
1745 2789 2130 2853 scribendum
2179 2806 2309 2852 esse
2353 2787 2502 2868 puto
2552 2785 2800 2862 cabum,

460 2909 603 2954 cum
645 2890 870 2973 reliqui
917 2891 1172 2969 codiceS,
1220 2890 1285 2954 in
1331 2891 1553 2972 quibus
1599 2891 1822 2973 optimi
1867 2891 2062 2954 nostri
2098 2889 2188 2953 M
2194 2888 2336 2971 GL,
2370 2906 2591 2966 errore,
2621 2905 2806 2969 quem

461 2993 643 3057 facile
688 3011 954 3071 excuseS,
1001 2993 1335 3073 praebeant
1382 2993 1603 3069 eibum,
1637 2994 1968 3058 lectionem
2014 3011 2196 3057 sensu
2242 2993 2492 3056 omnino
2539 3010 2802 3055 cassam.

464 3096 571 3159 sed
619 3095 858 3161 Ciofani
904 3097 1331 3177 interpretatio
1379 3098 1540 3161 vocis
1585 3095 1729 3159 cubi
1772 3095 1932 3159 mihi
1979 3113 2098 3159 non
2131 3095 2455 3159 satisfacit.
2487 3092 2688 3169 Adde,
2721 3095 2818 3157 in-

461 3200 624 3283 quit,
673 3199 990 3262 modicum
1036 3199 1256 3262 cubam
1298 3219 1328 3262 e
1373 3198 1647 3279 myrrhis
1692 3198 2064 3280 pinyaibas.
2131 3197 2201 3259 id
2260 3189 2377 3275 est,
2445 3200 2696 3259 tantam
2742 3214 2817 3258 ex

461 3301 742 3383 myrrhis
775 3302 1126 3384 pinyaibns
1183 3301 1434 3370 detrahe
1493 3306 1549 3366 et
1608 3301 1711 3378 iis,
1772 3320 1930 3381 qaae
1990 3301 2126 3363 iam
2184 3300 2357 3362 dieta
2412 3303 2577 3376 sant,
2634 3297 2813 3379 adde,

467 3409 746 3486 quantas
790 3409 876 3469 est
913 3424 1157 3485 parvus
1187 3408 1392 3468 eabae.
1441 3405 1549 3467 sed
1585 3422 1694 3468 cur
1727 3420 1951 3485 quaeso
1986 3404 2267 3467 detracta
2294 3400 2543 3483 pinguis
2576 3418 2819 3465 murrae

458 3527 600 3591 pars
645 3509 721 3571 ad
769 3507 910 3571 cubi
958 3508 1219 3573 formam
1266 3509 1359 3572 est
1403 3508 1733 3584 reddenda,
1783 3509 2144 3589 priusquam
2175 3505 2432 3586 reliquis
2467 3504 2819 3569 adiciatur?

458 3632 604 3677 nam
652 3612 842 3693 quod,
891 3631 1031 3676 cum
1076 3615 1302 3696 pingue
1348 3613 1461 3691 sit,
1510 3611 1877 3691 detrahitur,
1926 3612 2065 3675 cubi
2125 3611 2393 3674 formam
2438 3610 2645 3689 ipsum
2691 3624 2814 3672 non

458 3716 669 3780 habet.
715 3732 822 3797 pro
870 3717 1038 3778 certa
1081 3719 1288 3780 autem
1334 3733 1624 3779 mensura
1680 3714 1869 3778 cubus
1915 3714 2032 3777 hoc
2063 3714 2309 3795 quidem
2353 3712 2484 3775 loco
2533 3710 2819 3792 usurpari

460 3837 583 3883 non
627 3821 862 3902 potest,
932 3818 1077 3901 quia
1119 3818 1459 3882 secundum
1506 3819 1770 3884 Remum
1818 3817 2146 3893 Favinum,
2196 3816 2288 3879 De
2335 3813 2706 3895 ponderibus
2756 3815 2817 3876 et

461 3925 767 3988 mensuris
832 3923 916 3987 62
986 3922 1210 4005 (Anth.
1256 3923 1389 4000 lat.,
1437 3921 1649 4003 Riese,
1697 3918 1768 3985 n⁰
1811 3920 1987 4002 486),
2049 3918 2238 3982 cubas
2295 3917 2409 3981 hoc
2471 3934 2655 3979 sensu
2704 3933 2812 3996 pro

462 4025 776 4106 amphora
821 4025 1143 4106 accipitur.

668 4336 730 4401 ⁴³)
769 4334 926 4388 Falsa
961 4341 1042 4388 est
1079 4329 1419 4401 Hertzbergii
1456 4330 1852 4399 interpretatio:
1900 4329 2141 4384 Gummi.
2164 4366 2201 4392 .,
2240 4327 2374 4380 doch
2410 4327 2662 4404 entbldsst
2705 4342 2810 4381 von

466 4423 563 4475 der
598 4423 801 4478 Rinde.
