3371 5070
1422 406 1847 471 -88-

457 616 653 664 unum
698 599 822 675 est,
882 597 1046 678 quod
1089 595 1248 660 mihi
1305 596 1583 661 invenire
1640 593 1903 679 contigit
1918 591 2026 677 ⁴⁷).
2104 593 2510 675 Tertulliano,
2579 594 2685 679 qui
2745 595 2821 661 de

458 700 638 766 cultu
691 698 1066 763 feminarum
1120 698 1270 762 duos
1315 697 1506 762 libros
1565 697 1949 779 conscripsit,
1997 697 2205 765 Ovidii
2250 697 2504 763 libellus
2572 699 2819 782 ignotus

461 803 647 869 fuisse
714 800 1000 875 videtur;
1077 802 1241 866 certe
1298 800 1426 865 veri
1492 801 1698 865 simile
1771 801 1864 865 est
1938 820 2081 867 eum
2142 808 2213 866 ut
2287 801 2551 866 feminas
2626 804 2820 868 cultui

461 906 650 971 nimis
693 904 1131 982 inservienteS,
1198 904 1290 968 ita
1341 903 1547 969 cultus
1602 906 1978 989 magistrum
2038 906 2247 987 ipsum
2294 903 2589 970 Ovidium
2635 904 2823 970 fuisse

462 1010 953 1095 perstricturum.
1029 1027 1225 1090 neque
1282 1009 1349 1072 in
1412 1008 1604 1073 Plinii
1651 1009 1945 1074 Naturali
1998 1009 2309 1086 Historia,
2383 1008 2493 1074 ubi
2560 1011 2822 1093 vestigia

461 1115 761 1196 quaedam
806 1114 1043 1176 exstare
1086 1110 1434 1195 suspiceriS,
1469 1113 1804 1194 quidquam
1834 1113 2065 1191 inveni,
2102 1112 2262 1194 quod
2307 1115 2382 1178 ad
2418 1110 2625 1177 Ovidii
2658 1112 2820 1196 frag-

462 1216 746 1280 mentum
790 1214 963 1280 nobis
1008 1216 1318 1279 servatum
1363 1218 1691 1296 spectaret,
1740 1215 1860 1281 etsi
1891 1215 2346 1280 medicamenta
2390 1219 2822 1282 commendata

460 1319 540 1386 ab
587 1317 808 1385 Ovidio
854 1318 980 1383 fere
1024 1317 1231 1382 omnia
1275 1319 1467 1382 etiam
1513 1320 1590 1383 ab
1648 1314 1757 1383 illo
1815 1323 2396 1385 commemorantur.
2459 1320 2565 1385 sed
2627 1340 2822 1403 neque

460 1424 682 1488 horum
756 1439 951 1504 neque
1024 1421 1284 1486 aliorum
1352 1419 1680 1485 silentium
1749 1420 1913 1487 tanti
1978 1422 2106 1505 est,
2183 1423 2255 1487 ut
2322 1423 2555 1489 diserta
2622 1422 2826 1490 Ovidii

463 1526 661 1607 ipsius
707 1525 895 1589 verba
939 1524 1018 1589 ad
1064 1524 1430 1605 opusculum
1476 1524 1638 1606 quod
1685 1523 1764 1589 ad
1809 1543 1922 1589 nos
1976 1528 2257 1608 pervenit
2324 1528 2663 1591 transferre
2710 1527 2823 1592 du-

464 1628 757 1693 bitemus,
803 1627 1012 1709 itaque
1045 1627 1206 1709 quod
1246 1627 1549 1692 iudicium
1575 1627 1983 1693 doctissimus
2030 1633 2355 1710 poetarum
2401 1631 2824 1696 Romanorum

464 1731 852 1810 aestimator,
905 1730 1186 1816 Angelus
1232 1730 1611 1812 PolitianuS‚
1679 1732 1972 1815 quattuor
2029 1732 2255 1797 abhinc
2311 1733 2573 1798 saeculis
2639 1734 2824 1798 celeri

465 1835 703 1900 calamo
748 1834 985 1902 adlevit
1032 1835 1228 1900 codici
1284 1852 1414 1913 suo,
1459 1836 1521 1900 id
1553 1837 1625 1899 ut
1671 1855 1743 1900 ex
1787 1839 2091 1915 accurata,
2133 1838 2318 1919 atque
2363 1837 2585 1902 subtili
2616 1834 2827 1903 Ovidii

468 1941 818 2023 cognitione
862 1941 1068 2004 ortum
1116 1943 1176 2003 et
1223 1957 1432 2004 meum
1477 1937 1666 2004 facio.
1714 1938 1849 2003 Hoc
1894 1939 2263 2021 opusculum
2293 1959 2417 2004 esse
2453 1939 2663 2004 Ovidii
2696 1960 2822 2021 pro

462 2047 622 2106 certo
678 2041 887 2124 habea,
955 2040 1057 2105 uel
1113 2040 1274 2122 quod
1338 2040 1692 2105 Ouidianus
1745 2041 2055 2106 scribendi
2116 2041 2282 2106 color
2347 2046 2463 2124 est,
2525 2044 2618 2108 vel
2662 2042 2826 2124 quod

451 2166 578 2228 pro
621 2164 732 2210 suo
777 2144 1056 2211 libellum
1115 2145 1248 2226 ipse
1293 2145 1586 2228 aynoscit.
2217 2154 2240 2171 ‘

675 2395 739 2459 ⁴⁷)
775 2393 880 2447 Hic
916 2392 1184 2447 inicienda
1229 2408 1340 2445 esse
1387 2392 1596 2447 videtur
1631 2394 1833 2447 mentio
1871 2393 1974 2447 loci
2009 2393 2237 2462 insignis
2274 2392 2515 2447 Pliniani
2553 2394 2610 2446 in
2647 2393 2716 2448 N.
2754 2393 2823 2448 H.

467 2480 618 2534 XXX
653 2487 701 2537 4.
740 2482 849 2550 (13)
888 2485 953 2533 33
989 2502 1055 2527 =
1091 2479 1452 2549 fragmentum
1498 2479 1689 2534 XVIII
1727 2479 1870 2548 apud
1918 2479 2173 2533 Riesium.
2210 2478 2344 2533 dicit
2382 2480 2523 2533 enim
2578 2481 2823 2538 Plinius:
2871 2549 2876 2552 .

465 2569 706 2638 Anyinis
737 2567 868 2633 felle
903 2567 1162 2621 anserino
1199 2583 1318 2622 cum
1355 2568 1576 2621 elaterio
1613 2574 1665 2621 et
1700 2568 1855 2621 melle
1893 2567 2149 2621 citissime
2201 2568 2563 2632 succurritur,
2610 2569 2825 2623 cerebro

466 2661 713 2719 noctuae,
752 2655 934 2709 cinere
969 2654 1290 2708 hirundinis
1326 2669 1392 2708 ex
1428 2670 1575 2722 aqua
1610 2653 1793 2707 calida
1822 2658 1973 2721 poto.
2008 2653 2217 2706 huius
2251 2653 2640 2707 medicinae
2676 2671 2826 2709 auc·

467 2747 575 2797 tor
610 2746 709 2795 est
753 2740 1042 2795 Ovidius
1069 2746 1290 2808 poeta.
1348 2741 1436 2807 (cf.
1472 2739 1705 2793 indicem
1741 2738 1870 2792 libri
1907 2738 2087 2792 XXIX
2124 2740 2181 2791 in
2216 2739 2361 2806 fine).
2415 2741 2521 2793 iam
2566 2756 2685 2793 cum
2728 2741 2826 2795 hoc

467 2828 924 2892 medicamentum,
960 2825 1103 2895 quod
1137 2825 1375 2879 Plinium
1412 2842 1472 2879 ex
1497 2824 1676 2880 Ovidii
1714 2824 2036 2879 carminibus
2073 2825 2426 2892 desumpsisse
2461 2828 2627 2895 patet,
2657 2842 2825 2895 neque

468 2916 526 2969 in
564 2916 629 2968 iis
667 2928 804 2983 quae
849 2928 945 2966 nos
985 2912 1240 2966 habemus
1296 2914 1464 2965 exstet
1516 2927 1683 2981 neque
1741 2912 1798 2965 in
1850 2910 2173 2965 carminibus
2225 2912 2539 2981 deperditis,
2602 2928 2825 2980 quorum

468 3002 681 3071 quidem
728 3000 796 3053 ad
847 3017 942 3055 nos
979 3000 1064 3054 vel
1109 3001 1415 3070 fragmenta
1462 3003 1815 3069 pervenerunt
1867 3000 1978 3053 vel·
2004 3001 2226 3067 notitia,
2279 3000 2452 3054 ullum
2502 2998 2826 3067 inveniatur,

467 3089 527 3142 in
575 3103 676 3155 quo
713 3087 1157 3141 medicamentum
1211 3088 1426 3156 anginis
1473 3092 1660 3157 aptum
1698 3085 1966 3140 commode
2014 3087 2186 3154 possit
2234 3086 2511 3154 collocari,
2563 3084 2695 3138 mihi
2730 3084 2827 3137 ali·

467 3189 626 3242 quam
665 3172 1064 3242 probabilitatis
1118 3172 1345 3241 speciem
1392 3172 1583 3227 habere
1636 3172 1850 3227 videtur
1898 3172 2036 3225 illud
2081 3173 2210 3226 olim
2258 3172 2441 3227 libello
2498 3172 2562 3226 de
2599 3171 2826 3224 medica-

470 3260 614 3313 mine
647 3258 803 3313 faciei
838 3261 1123 3313 etiamtum
1159 3260 1373 3327 integro
1422 3260 1588 3313 fuisse
1623 3260 1912 3326 insertum,
1960 3260 2071 3314 sive
2116 3259 2261 3328 quod
2295 3258 2436 3312 vocis
2473 3273 2663 3312 sonum
2701 3274 2826 3311 can-

471 3348 654 3399 tumve
678 3347 924 3414 tangeret
959 3348 1130 3413 poeta,
1169 3347 1280 3400 sive
1316 3345 1458 3414 quod
1495 3346 1713 3414 anginis
1751 3346 1914 3399 etiam
1950 3347 2160 3399 vultum
2197 3344 2483 3399 deformari
2519 3348 2753 3413 putaret.

1451 3761 1858 3781 ss
