3371 5070
1506 415 1934 482 -50-

531 601 892 683 scripserat,
965 605 1314 683 temporum
1375 601 1602 671 iniuria
1670 622 1805 667 esse
1861 607 2254 681 truncatum,
2332 622 2487 685 quae
2544 603 2896 685 coniectura

532 705 693 769 nihil
727 723 876 769 sane
906 706 1176 783 haberet,
1225 723 1344 788 quo
1375 706 1696 772 niteretur.
1745 709 1852 773 sed
1884 707 2171 791 equidem
2213 711 2276 772 et
2306 725 2500 772 unum
2532 708 2595 770 et
2626 705 2896 769 alterum

531 809 906 890 negaverim.
954 826 1101 872 nam
1131 811 1404 890 primum
1434 811 1706 892 quidem,
1755 813 1808 875 si
1839 809 2098 876 Ovidius
2131 810 2417 876 libellum
2464 807 2894 889 imperfectum

531 917 719 994 atque
788 914 880 977 ita
945 911 1201 994 insuper
1274 915 1699 997 compluribus
1773 914 1926 979 locis
2000 915 2295 979 mutilum
2369 910 2746 995 reliquisset,
2823 912 2895 973 ut

531 1034 694 1080 nunc
741 1035 884 1080 eum
939 1034 1073 1080 esse
1138 1017 1454 1097 videmuS,
1527 1020 1694 1082 certe
1764 1036 1906 1082 eum
1965 1034 2454 1082 commemorans
2509 1017 2704 1085 talem
2749 1030 2895 1078 con·

530 1118 831 1183 dicionem
898 1122 1237 1201 utcumque
1288 1119 1770 1203 significavisset
1821 1120 1924 1202 (cf.
1955 1122 2029 1185 de
2073 1119 2651 1202 Metamorphoseon
2710 1116 2893 1184 libris

529 1221 715 1287 Trist.
764 1222 832 1286 II
875 1223 1003 1289 555
1048 1241 1171 1305 sq.,
1220 1224 1252 1288 I
1298 1224 1359 1287 7.
1414 1223 1535 1305 14).
1587 1223 1807 1288 (16111116
1853 1242 1973 1288 11611
2018 1242 2263 1304 1166611111
2312 1221 2469 1286 1111111
2511 1222 2892 1303 persuadere,

528 1325 603 1389 ut
668 1323 877 1390 verbis
944 1324 1371 1389 medicamina
1428 1324 1667 1405 formae
1728 1329 1789 1390 et
1855 1326 1929 1389 de
1994 1326 2408 1390 medicamine
2464 1326 2658 1406 faciei
2724 1325 2895 1388 hunc

529 1445 775 1492 sensum
844 1427 1147 1493 subiciam
1175 1479 1190 1508 ‚
1267 1447 1448 1510 quem
1515 1429 1593 1493 iis
1660 1428 1992 1494 subiecisse
2060 1429 2308 1496 videtur
2367 1429 2750 1511 Bernhardy,
2823 1431 2895 1490 ut

531 1533 916 1612 opusculum,
990 1533 1138 1597 dum
1208 1535 1342 1596 erat
1410 1533 1756 1613 integrum,
1833 1533 2085 1597 inscribi
2145 1532 2421 1613 potuisse
2462 1530 2893 1596 medicamina

526 1632 787 1713 formae,
826 1635 903 1698 ad
932 1634 1357 1718 fragmentum
1391 1637 1709 1700 servatum
1735 1635 1859 1700 iam
1883 1634 1958 1698 de
1979 1634 2393 1698 medicamine
2421 1634 2610 1715 faciei
2642 1636 2891 1698 tantum

530 1737 830 1818 quadrare
877 1737 1112 1818 putem.
1171 1737 1364 1802 immo
1411 1735 1710 1803 Ovidium
1757 1737 1974 1803 libello
2021 1739 2273 1819 quidem
2320 1739 2561 1820 integro
2605 1740 2678 1801 de
2735 1735 2894 1800 facie

528 1839 927 1921 potissimum
973 1840 1361 1905 emendanda
1408 1841 1605 1923 egisse
1649 1844 1836 1923 atque
1891 1841 2035 1905 inde
2095 1841 2566 1924 inscriptionem
2626 1839 2889 1915 duxisse,

528 1945 656 2021 sed,
683 1944 758 2008 ut
800 1945 868 2007 in
915 1944 1138 2009 ceteris
1171 1943 1552 2008 carminibus
1598 1944 1855 2022 solebat,
1888 1962 2037 2009 sane
2068 1945 2222 2008 alias
2255 1945 2444 2008 etiam
2477 1963 2579 2007 res
2610 1942 2890 2024 tetigisse

530 2045 826 2129 suspicor.
922 2048 1047 2112 iam
1116 2046 1224 2111 ubi
1279 2048 1445 2112 hunc
1514 2047 1798 2112 libellum
1868 2048 1932 2111 in
1994 2049 2354 2111 transcursu
2424 2047 2887 2122 commemorat,

532 2149 956 2214 medicamina
1016 2150 1261 2231 formae
1321 2169 1386 2214 se
1432 2149 1662 2215 dixisse
1709 2150 1817 2227 ait,
1853 2150 2146 2233 quoniam
2192 2149 2426 2214 formae
2470 2150 2570 2213 vel
2615 2148 2887 2230 pulchri-

528 2252 769 2318 tudinis
836 2253 1142 2318 femineae
1208 2271 1351 2336 pars
1419 2254 1601 2336 longe
1670 2253 1939 2318 maxima
2007 2259 2103 2317 est
2165 2252 2566 2334 pulchritudo
2627 2250 2889 2317 faciei.

530 2360 683 2422 adde
716 2357 879 2439 quod
911 2357 1104 2422 etiam
1137 2357 1251 2422 loci
1285 2356 1458 2421 illius
1493 2357 1559 2420 in
1593 2358 1750 2422 Arte
1781 2360 1969 2422 amat.
2006 2356 2298 2421 vicinitas
2342 2356 2598 2437 prodere
2640 2354 2890 2419 videtur

530 2459 821 2525 libellum
892 2480 929 2524 a
995 2462 1176 2543 poeta
1245 2463 1796 2525 commemoratum
1868 2460 1954 2524 de
2011 2459 2217 2524 facie
2273 2460 2671 2543 potissimum
2716 2457 2890 2524 laesa

527 2563 719 2629 fuisse
766 2565 1210 2647 conscriptum.
1284 2565 1391 2628 6611
1450 2584 1525 2628 116
1582 2564 1805 2647 longus
1850 2566 1999 2641 sim,
2048 2567 2386 2645 utcumque
2432 2581 2527 2627 res
2574 2582 2637 2626 se
2683 2563 2890 2640 habet,

528 2684 691 2731 nunc
739 2665 993 2748 quidem
1043 2666 1260 2747 utique
1306 2665 1741 2748 amplectenda
1788 2670 1880 2730 est
1935 2667 2253 2747 inscriptio
2314 2670 2557 2731 servata
2609 2665 2673 2728 in
2721 2664 2888 2729 codi-

528 2771 703 2834 cibus
748 2768 931 2852 ipsis:
978 2768 1343 2835 Libellus
1390 2772 1475 2833 de
1523 2768 2042 2833 medicamine
2087 2768 2344 2832 faciei.

734 2891 808 2954 In
854 2910 913 2955 v.
960 2890 1000 2953 2
1046 2889 1195 2954 libri
1239 2909 1384 2955 mss,
1433 2891 1496 2952 et
1552 2888 1850 2953 editiones
1897 2891 2133 2953 veteres
2191 2890 2439 2953 tantum
2501 2906 2620 2952 non
2666 2905 2879 2953 omnes

526 2995 752 3059 miram
799 2995 1089 3059 exhibent
1133 2995 1465 3059 lectionem
1509 2992 1600 3057 Et
1646 3013 1767 3073 qno
1810 2992 1892 3056 sit
1934 2993 2099 3057 vobis
2161 3013 2352 3056 cura
2396 2993 2628 3056 tuenda
2675 2992 2891 3077 mod03

528 3099 689 3179 quod
735 3098 800 3161 in
847 3097 1167 3162 codicibus
1214 3095 1302 3161 ch
1348 3098 1413 3161 et
1458 3097 1526 3160 in
1556 3095 1840 3179 margine
1873 3096 1922 3179 lq
1966 3096 2199 3179 legitur
2227 3101 2434 3171 forma
2466 3115 2497 3159 e
2531 3097 2892 3161 coniectura

528 3201 783 3265 illatum
829 3220 958 3266 esse
1006 3205 1204 3283 n'eque
1252 3200 1379 3265 ulla
1425 3200 1729 3265 librorum
1775 3200 2142 3264 auctoritate
2192 3199 2312 3263 niti
2359 3200 2554 3281 patet.
2626 3199 2887 3281 primuS,

529 3305 692 3386 quod
737 3304 951 3382 sciam,
983 3307 1178 3369 Andr.
1214 3303 1568 3385 Naugerius
1614 3302 1936 3368 adnotavit
1978 3303 2355 3383 scripturam
2382 3302 2599 3384 forma
2646 3303 2887 3366 exstare

527 3407 596 3469 in
655 3407 1005 3483 codicibus,
1073 3407 1137 3471 in
1206 3407 1496 3471 contextu
1563 3406 1697 3488 ipso
1769 3406 2096 3470 etiamtum
2167 3424 2322 3468 cura
2390 3423 2676 3480 servans3
2744 3409 2890 3487 post

530 3508 931 3573 Dominicum
977 3507 1250 3573 Marium
1296 3509 1597 3593 Nigrum,
1664 3509 1771 3590 qui
1839 3509 2078 3589 primus
2138 3507 2334 3571 edidit
2387 3507 2618 3590 forma,
2675 3526 2888 3572 omnes

527 3613 843 3693 hucusque
895 3610 1164 3676 editores
1209 3611 1369 3675 hanc
1413 3611 1747 3675 lectionem
1794 3609 2061 3691 amplexi
2108 3611 2274 3675 sunt.
2324 3610 2432 3673 sed
2477 3610 2557 3673 N.
2590 3610 2886 3676 Heinsius

528 3716 764 3798 optime
809 3713 1074 3780 sensisse
1121 3714 1364 3778 videtur
1406 3719 1544 3797 post
1590 3713 1751 3777 illud
1780 3713 2011 3795 faciem
2053 3713 2430 3777 commendet
2471 3732 2694 3796 parum
2742 3718 2887 3797 apte

528 3820 746 3886 invitis
791 3818 1106 3884 codicibus
1149 3817 1389 3883 intrudi
1433 3815 1642 3896 forma
1702 3821 1746 3880 t.
1816 3821 1880 3880 et
1937 3818 2090 3880 duas
2161 3816 2522 3881 dubitanter
2567 3817 2884 3900 proposuit

526 3923 910 3988 coniecturas
957 3922 1057 3986 vel
1103 3919 1195 3984 Et
1250 3938 1368 4000 qno
1432 3919 1563 3983 sint
1621 3918 1791 3983 vobis
1847 3939 1963 3982 ora
2023 3923 2069 3983 t.
2116 3939 2200 3983 m.
2247 3919 2348 3983 vel
2414 3938 2528 3982 ora
2596 3919 2880 3997 linenda,

526 4045 720 4108 aeque
763 4028 1093 4107 utramque
1140 4024 1458 4088 audacem.

730 4146 908 4210 Unde
958 4144 1153 4227 igitur
1197 4143 1430 4208 mirum
1461 4142 1620 4209 illud
1668 4160 1870 4221 cura,
1920 4142 2082 4225 quod
2127 4142 2370 4207 nullam
2399 4142 2644 4206 omnino
2688 4142 2877 4207 habet

527 4247 917 4330 probabilem
964 4247 1477 4330 explicationem?
1521 4266 1599 4311 an
1653 4265 1726 4310 ex
1754 4246 2146 4310 antecedenti
2192 4265 2349 4308 cura
2392 4243 2457 4309 id
2501 4246 2706 4309 ortum
2753 4263 2883 4308 esse

529 4352 928 4417 statuamus?
973 4351 1152 4415 modo
1183 4370 1259 4414 ne
1292 4354 1539 4432 propter
1571 4350 1634 4415 id
1665 4350 1869 4432 ipsum
1902 4366 1999 4412 res
2030 4348 2230 4431 magis
2278 4347 2465 4411 etiam
2512 4348 2675 4411 mira
2707 4347 2880 4413 vide-

526 4457 686 4521 atur.
740 4454 1030 4535 equidem
1080 4452 1430 4517 mutatione
1466 4451 1788 4517 lenissima
1818 4448 2215 4515 scribendum
2244 4452 2664 4532 proposuerim
2693 4469 2881 4527 aura,
