3371 5070
1473 431 1894 494 —61-

701 618 837 682 Iam
882 635 1025 681 vero
1077 616 1426 696 videamus,
1498 637 1648 681 num
1697 617 1947 682 omnino
1996 618 2059 682 hi
2106 637 2318 684 versus
2365 619 2528 684 tanti
2572 618 2730 699 sint,
2789 622 2861 683 ut

500 720 579 785 ad
622 737 723 785 eos
768 721 1027 784 tuendos
1074 720 1328 785 lacunas
1374 722 1740 785 statuamus,

703 823 796 886 Ac
839 823 1109 906 primum
1157 823 1401 905 quidem
1449 841 1571 887 non
1617 824 1820 903 potest
1864 842 1984 888 non
2038 823 2345 888 offendere
2391 824 2493 888 hic
2537 823 2863 889 verborum

499 944 790 990 conexus:
849 945 974 1007 pro
1015 945 1078 989 se
1122 945 1418 1009 quaeque,
1466 926 1758 1007 quoniam
1805 946 1963 1006 quae
2031 945 2141 1007 pro
2212 928 2468 1008 pluralis
2514 926 2862 992 accusativo

502 1030 596 1094 est
656 1029 1097 1112 accipiendum.
1189 1029 1561 1110 quicumque
1635 1029 1802 1092 euim
1880 1028 2035 1093 haec
2100 1029 2299 1112 legit,
2374 1031 2449 1094 de
2525 1028 2861 1113 singularis

498 1132 880 1197 nominativo
946 1131 1231 1196 feminini
1309 1133 1551 1216 generis
1628 1132 1897 1215 cogitat,
1967 1134 2040 1196 ut
2111 1132 2354 1197 librarii
2421 1136 2670 1196 tantum
2742 1150 2865 1197 non

501 1253 745 1314 omnes,
807 1237 913 1317 qui
974 1235 1211 1317 reliqua
1266 1253 1390 1300 non
1448 1240 1737 1301 curantes
1785 1235 2070 1300 certatim
2118 1236 2509 1300 coniecerunt
2541 1239 2733 1317 paret
2777 1271 2861 1282 —-

498 1343 837 1422 veneretur,
899 1342 1092 1418 paret
1141 1374 1213 1384 -
1264 1341 1532 1417 venetur,
1570 1343 1776 1418 parat
1820 1344 2155 1403 veneratur
2170 1391 2184 1418 ,
2242 1339 2388 1417 alia,
2456 1357 2612 1421 quae
2656 1337 2862 1403 omnia

498 1441 690 1509 etiam
718 1442 785 1506 in
818 1442 1100 1523 sequenti
1146 1461 1324 1506 versu
1369 1443 1747 1525 singularem
1795 1450 1985 1509 meret
2029 1447 2376 1510 traxerunt.
2421 1461 2616 1525 neque
2646 1443 2859 1507 tamen

498 1545 628 1609 ulla
685 1545 906 1609 harum
954 1544 1443 1609 coniecturarum
1502 1546 1708 1610 locum
1768 1547 1955 1612 habet
2027 1556 2275 1631 propter
2337 1546 2861 1612 constructionem

500 1647 884 1730 reliquorum
930 1648 1274 1712 verborum.
1336 1648 1554 1712 deinde
1601 1650 1899 1732 languida
1946 1651 2213 1732 quodam
2276 1649 2456 1714 modo
2519 1650 2615 1713 est
2670 1647 2860 1712 dictio

485 1772 612 1831 pro
658 1770 722 1814 se
759 1771 1016 1828 parare,
1062 1771 1215 1833 quae
1260 1771 1408 1815 num
1456 1753 1707 1816 omnino
1754 1753 1953 1818 latina
1998 1753 2112 1830 sit,
2162 1752 2400 1817 dubito.
2461 1755 2646 1835 atque
2692 1749 2860 1816 haud

506 1854 706 1918 minus
753 1856 961 1935 inepte
1019 1855 1177 1919 mihi
1237 1873 1519 1936 expressa
1580 1875 1711 1920 esse
1778 1856 2025 1920 videtur
2094 1857 2405 1921 sententia
2449 1875 2671 1939 parum
2716 1871 2859 1919 con-

501 1959 684 2025 cinne
735 1959 976 2022 adiecta
1020 1959 1348 2022 munditia
1392 1959 1670 2023 crimina
1716 1960 1953 2024 nulla
2007 1965 2260 2025 merent.
2307 1961 2369 2026 et
2414 1959 2563 2042 quid
2607 1957 2857 2022 omnino

498 2061 820 2124 munditia
876 2061 993 2125 sibi
1038 2061 1155 2126 hoc
1201 2065 1335 2126 loco
1383 2064 1553 2140 vult,
1620 2082 1763 2128 cum
1818 2065 1894 2128 de
1940 2064 2117 2127 cultu
2162 2083 2362 2128 sermo
2410 2063 2537 2129 sit‘?
2609 2062 2678 2126 in
2710 2061 2849 2125 Art.

500 2183 620 2230 am.
654 2165 685 2228 I
731 2164 860 2229 505
904 2164 1055 2228 haec
1099 2165 1403 2248 praecipit
1445 2167 1657 2231 iuveni
1707 2165 2000 2251 Ovidius:

702 2266 826 2333 Sed
868 2267 983 2331 tibi
1029 2287 1138 2331 ‘nec
1183 2266 1354 2347 ferro
1389 2269 1649 2350 placeat
1692 2274 1978 2351 torquere
2024 2269 2308 2354 capill03‚

798 2370 930 2434 Nec
973 2374 1088 2434 tua
1132 2371 1414 2435 mordaci
1448 2372 1702 2450 pumice
1746 2392 1939 2436 crura
1984 2377 2171 2436 teras.
2209 2422 2222 2435 .
2257 2419 2272 2433 .
2297 2421 2311 2436 .
2340 2421 2355 2435 .

707 2472 953 2538 Forma
995 2474 1161 2539 viros
1205 2474 1481 2558 neqlecta
1524 2474 1688 2539 decet
1748 2527 1761 2541 .
1792 2525 1802 2537 .
1833 2525 1846 2539 .
1875 2523 1889 2539 .

706 2578 1076 2641 Munditiae
1114 2578 1433 2659 placeant,
1464 2578 1792 2658 fuscentur
1835 2599 2095 2661 corpora
2125 2600 2370 2661 campo.
2400 2633 2411 2644 .
2441 2630 2456 2645 .
2495 2598 2635 2644 cum
2664 2578 2860 2661 igitur

506 2680 622 2744 hoc
666 2680 799 2746 loco
843 2681 1170 2744 munditia
1215 2684 1422 2763 aperte
1469 2683 1545 2747 iis
1592 2685 1956 2768 opponatur,
2003 2703 2159 2768 quae
2201 2684 2280 2748 ad
2313 2684 2554 2748 cultum
2599 2682 2853 2761 faciunt,

503 2804 714 2850 versus
761 2785 859 2849 illi
906 2787 1212 2866 desperati
1259 2786 1589 2868 utrumque
1636 2787 2046 2852 confundunt.

705 2905 821 2969 His
859 2906 1344 2971 difficultatibus
1379 2912 1741 2984 commotus,
1774 2927 1928 2990 quae
1959 2907 2132 2972 nulla
2162 2908 2630 2972 innumerarum
2659 2924 2852 2990 paene

499 3007 1028 3087 coniecturarum,
1101 3028 1250 3092 quas
1318 3012 1439 3074 viri
1514 3014 1678 3076 docti
1748 3012 2279 3095 excogitaverunt,
2330 3010 2472 3075 tolli
2542 3009 2851 3088 videntur,

501 3111 787 3193 equidem
837 3133 932 3178 vv.
965 3113 1045 3175 27
1095 3130 1187 3195 sq.
1229 3114 1294 3176 in
1353 3132 1607 3178 numero
1666 3109 1880 3177 eorum
1935 3113 2246 3177 habendos
2306 3133 2435 3178 esse
2483 3114 2845 3187 censuerim,

506 3214 736 3298 quibus
784 3234 820 3279 a
863 3216 1198 3280 lectoribus
1245 3216 1641 3297 librariisque
1673 3217 1838 3281 male
1870 3217 2063 3280 doctis
2094 3216 2334 3297 pridem
2382 3217 2614 3281 nefarie
2659 3215 2853 3279 inter-

507 3319 719 3401 polata
763 3338 896 3383 esse
942 3321 1173 3383 scimus
1221 3319 1494 3384 carmina
1542 3317 1881 3398 Ovidiana‚
1942 3320 2009 3383 id
2068 3322 2229 3402 quod
2272 3320 2376 3384 vel
2435 3319 2856 3402 antiquissimi

504 3421 736 3486 codices
782 3422 1113 3487 testantur.
1191 3423 1349 3487 forte
1407 3423 1623 3486 doctus
1667 3422 1893 3504 aliquis
1940 3440 2218 3488 morosus
2273 3442 2641 3489 succensens
2704 3423 2853 3487 viris

500 3524 893 3609 effeminatiS,
943 3542 1204 3608 quorum
1249 3526 1316 3589 in
1361 3525 1645 3590 versibus
1692 3526 2199 3592 antecedentibus
2243 3527 2318 3591 fit
2349 3529 2602 3605 menti0‚
2642 3528 2858 3608 pingui

500 3645 645 3691 sane
689 3627 975 3693 Minerva
1035 3629 1147 3693 hoc
1193 3627 1505 3693 distichon
1570 3648 1747 3712 aegre
1816 3629 2138 3712 conflavit3
2212 3631 2357 3695 huic
2424 3632 2632 3695 autem
2698 3629 2857 3693 illud

501 3747 743 3793 amores
785 3730 1075 3794 venerari
1143 3732 1207 3795 et
1265 3732 1538 3813 reliqua,
1614 3750 1772 3814 quae
1829 3733 2183 3811 offendunt,
2253 3731 2734 3797 condonabimus
2796 3733 2857 3793 et

501 3833 772 3897 codicem
802 3834 1190 3899 Marcianum
1238 3834 1550 3917 integram
1584 3835 1766 3899 huius
1814 3836 2225 3900 additamenti
2269 3836 2536 3899 sormam
2580 3852 2856 3899 servasse

500 3938 879 4012 statuemus,
958 3955 1101 4001 cum
1167 3937 1235 4001 in
1308 3939 1562 4021 reliquis
1630 3939 1799 4003 idem
1866 3938 2153 4003 futilibus
2220 3937 2591 4003 coniecturis
2660 3939 2855 4001 exstet

500 4039 898 4119 temptatum.
989 4057 1166 4122 porro
1209 4040 1298 4124 is,
1359 4042 1465 4123 qui
1510 4042 1920 4125 archetypum
1966 4042 2248 4107 codicum
2296 4040 2387 4104 M
2393 4039 2448 4106 Ο
2457 4039 2515 4103 L
2560 4040 2853 4118 exaravit,

500 4158 877 4223 quamquam
921 4143 1466 4223 interpolationem
1507 4145 1685 4208 illam
1732 4164 1855 4209 non
1900 4145 2148 4227 reiecit,
2218 4147 2429 4209 tamen
2476 4161 2684 4206 versus
2746 4143 2850 4223 qui

498 4244 797 4309 secuntur
842 4266 961 4310 non
1008 4263 1194 4310 ausus
1241 4248 1332 4311 est
1376 4249 1714 4331 temptare,
1784 4249 2004 4313 contra
2062 4248 2290 4331 reliqui
2335 4250 2546 4313 eadem
2604 4245 2853 4327 pellecti

500 4349 690 4413 etiam
720 4367 817 4413 vv.
845 4350 928 4414 29
959 4368 1046 4432 sq.
1075 4349 1149 4414 de
1181 4349 1330 4415 viris
1363 4350 1558 4416 dictos
1607 4370 1739 4416 esse
1784 4350 1905 4416 rati
1951 4371 2271 4436 perperam
2302 4350 2446 4416 illos
2497 4352 2581 4432 (et
2627 4346 2846 4424 cultos)

499 4454 897 4533 scripserunt.
