3371 5070
1494 375 1873 438 -7-

466 634 469 635 ⁷
706 561 1037 627 Vetustam
1102 579 1250 626 sane
1309 556 1783 642 quaternionum
1838 558 2362 643 significationem
2417 560 2661 642 praeter
2701 557 2863 624 illud

505 664 715 732 XVII.
760 663 1039 729 invenire
1095 681 1217 728 non
1276 663 1569 746 contigit,
1617 665 1778 745 quod
1795 713 1812 746 ,
1860 680 2005 728 cum
2049 662 2202 727 folia
2243 662 2521 727 numeris
2566 662 2866 747 insignita

506 768 619 833 aut
662 767 917 832 omnino
963 764 1200 849 desint,
1247 768 1356 832 aut
1409 769 1698 833 notarum
1745 764 1844 831 vel
1888 783 2203 831 erasarum
2246 766 2346 830 vel
2388 767 2865 832 immutatamm

508 888 658 953 prae
702 887 769 934 se
814 869 1020 935 ferant
1078 868 1371 953 vestigia,
1418 887 1540 935 non
1567 871 1664 934 est
1694 868 2071 933 mirandum.
2125 869 2252 933 iam
2299 870 2352 933 si
2398 872 2868 951 quaternionem

510 973 692 1038 illum
735 970 940 1035 XVII.
987 970 1390 1054 incipientem
1450 989 1487 1035 a
1532 972 1631 1035 Tr.
1668 971 1762 1035 IV
1808 973 1862 1034 1.
1916 972 1995 1034 12
2041 970 2246 1036 Ovidii
2302 972 2581 1037 carmina
2625 974 2872 1054 praeter

510 1076 758 1143 Ibidem
806 1079 870 1140 et
930 1075 1125 1143 libros
1172 1096 1247 1141 ex
1289 1076 1514 1154 Ponto,
1559 1076 1660 1159 qui
1729 1075 1797 1139 in
1866 1076 1932 1139 ll.
1979 1094 2126 1143 mss.
2185 1077 2371 1159 vulgo
2439 1081 2578 1158 post
2634 1075 2870 1142 Tristia

515 1179 903 1261 exhibentur,
952 1179 1360 1245 antecessisse
1405 1178 1689 1257 facimus,
1736 1180 1815 1243 iis
1847 1196 2007 1260 quae
2034 1180 2275 1243 restant
2307 1179 2703 1260 comparati8‚
2735 1177 2870 1244 dico

512 1279 704 1345 libros
748 1280 1325 1363 Metamorphoseon
1386 1282 1448 1345 et
1490 1280 1795 1345 Tristium
1840 1317 1924 1327 —
1983 1297 2131 1343 nam
2174 1279 2368 1344 Nucis
2427 1283 2493 1345 et
2550 1279 2754 1345 libelli
2798 1280 2873 1345 de

516 1403 601 1448 m.
651 1383 693 1447 f.
739 1383 902 1450 ratio
947 1401 1069 1448 non
1118 1385 1217 1448 est
1260 1384 1569 1467 habenda,
1642 1381 1790 1465 quia
1833 1382 1987 1448 haec
2030 1383 2109 1447 ad
2156 1400 2342 1447 unam
2384 1382 2680 1466 paginam
2725 1401 2875 1465 sup-

514 1485 805 1569 plendam
872 1485 1103 1551 litteris
1170 1486 1358 1554 solito
1422 1487 1771 1567 minoribus
1838 1492 1982 1550 sunt
2048 1488 2300 1551 exarata
2342 1521 2427 1533 -
2483 1486 2559 1550 iis
2617 1486 2874 1568 inquam

515 1590 890 1671 comparatis
958 1589 1115 1655 ratio
1183 1589 1302 1655 etsi
1367 1607 1488 1655 non
1557 1590 1807 1656 omniuo
1874 1592 2081 1654 tamen
2150 1587 2542 1671 aliquantum
2602 1594 2877 1654 constare

520 1693 784 1757 videtur.
861 1693 1159 1762 habemus
1205 1693 1372 1758 enim
1419 1693 1583 1759 hanc
1625 1693 2186 1774 computationem:
2907 1692 2922 1727 ⁶

721 1794 1024 1860 Tristium
1068 1815 1278 1862 versus
1324 1796 1493 1863 3602
1538 1802 1842 1878 occupant
1887 1795 2037 1861 folia
2074 1796 2169 1873 17,
2217 1796 2260 1860 i.
2296 1815 2349 1859 e.
2382 1795 2489 1861 fol.
2515 1796 2775 1862 56-70
2817 1796 2881 1859 et

517 1898 638 1965 duo
668 1898 1005 1980 deperdita.
1055 1918 1317 1983 quorum
1345 1901 1654 1967 rationem
1692 1902 1747 1965 si
1780 1901 1862 1965 ad
1885 1901 2147 1964 Amores
2185 1901 2306 1980 (w.
2334 1899 2549 1977 2410),
2582 1899 2880 1963 Heroides

519 2007 645 2078 (vv.
674 2003 888 2082 3098),
936 2001 1177 2068 Nucem
1224 2006 1354 2085 (vv.
1405 2002 1551 2084 182)
1603 2005 1665 2068 et
1710 2005 1785 2067 de
1828 2001 1990 2067 med.
2038 2001 2084 2066 f.
2131 2002 2259 2085 (vv.
2297 2001 2443 2083 100)
2494 2000 2880 2080 adhibemus,

519 2122 671 2187 quos
704 2105 826 2169 duo
870 2105 1140 2183 libelloS‚
1188 2106 1259 2169 ut
1303 2105 1584 2171 omnium
1616 2104 1927 2183 minimos,
1958 2104 2164 2170 codice
2195 2103 2440 2168 divulso
2473 2104 2552 2168 ad
2581 2103 2882 2189 paginam

521 2226 783 2273 vacuam
815 2208 1248 2289 complendam
1278 2207 1697 2290 transscripta
1726 2226 1857 2275 esse
1884 2206 2203 2292 probabile
2233 2208 2346 2285 est,
2380 2208 2471 2270 sic
2503 2209 2599 2272 est
2630 2226 2883 2291 compu-

524 2311 819 2375 tandum:

727 2414 946 2480 3602:
985 2415 1060 2479 17
1096 2442 1176 2471 =
1208 2414 1382 2481 5790
1411 2436 1427 2478 :
1455 2434 1512 2495 1,
1557 2414 1600 2481 i.
1648 2433 1699 2479 e.
1743 2413 1899 2479 folia
1940 2414 2068 2480 fere
2113 2413 2219 2479 28.

730 2517 922 2584 Porro
980 2520 1198 2586 eadem
1264 2518 1532 2597 ratione,
1602 2537 1746 2584 cum
1791 2519 2373 2603 Metamorphoseon
2419 2534 2632 2584 versus
2681 2515 2888 2585 11976

529 2627 831 2707 occupent
876 2623 1030 2689 folia
1072 2625 1195 2691 55:

1119 2726 1298 2791 Artis
1342 2730 1513 2791 amat
1558 2743 1655 2789 vv.
1702 2726 1874 2793 2280

1122 2828 1524 2894 Remed.am.
1589 2857 1619 2892 η
1756 2828 1885 2893 814
1964 2855 2048 2887 ==
2090 2829 2279 2908 8066,

1117 2931 1294 2999 Fasti
1341 2984 1526 3002 .....
1592 2961 1622 2998 n
1712 2933 1885 2998 4972
2313 2937 2316 2940 ’

976 3035 1183 3102 11976
1216 3035 1350 3102 :55
1382 3062 1462 3094 ==
1494 3035 1818 3118 806621,
1865 3035 1906 3099 i.
1941 3056 1978 3100 e
2018 3035 2170 3100 folia
2210 3033 2339 3099 fere
2381 3033 2482 3099 37.

739 3138 1222 3220 Quaternionem
1266 3138 1460 3222 igitur
1501 3138 1704 3202 XVII.
1757 3138 1907 3204 haec
1950 3138 2351 3203 antecessisse
2396 3137 2778 3203 statuimus:

776 3244 1044 3309 Metam.
1096 3292 1282 3311 .....
1341 3242 1494 3308 folia
1536 3243 1623 3308 56
1667 3241 1777 3318 (55
1819 3242 2134 3324 inscripta,
2177 3260 2375 3307 unum
2398 3247 2685 3318 vacuum)

785 3346 1090 3412 Tristium
1134 3397 1150 3414 .
1176 3395 1192 3412 .
1220 3395 1236 3413 .
1262 3396 1281 3414 .
1385 3374 1416 3411 n
1581 3345 1624 3411 2

787 3451 1093 3516 Amorum
1138 3454 1256 3515 etc.
1379 3478 1409 3514 n
1532 3450 1614 3514 28

785 3554 1118 3620 Fastorum
1163 3556 1284 3620 etc.
1380 3581 1410 3617 n
1531 3552 1613 3617 37

1289 3683 1332 3747 i.
1381 3703 1430 3747 e.
1491 3681 1615 3747 123
1659 3679 1833 3747 folia.

748 3786 976 3867 Quodsi
1033 3787 1201 3852 hunc
1258 3804 1589 3851 numerum
1655 3803 1799 3849 cum
1854 3783 2022 3849 foliis
2089 3781 2360 3848 sedecim
2418 3779 2902 3863 quaternionum

545 3890 588 3954 i.
622 3908 674 3956 e.
712 3890 832 3955 128
864 3907 1317 3972 comparamuS‚
1367 3888 1640 3972 quinque
1683 3887 1936 3953 tantum
1980 3888 2221 3951 restant
2266 3882 2419 3948 folia
2461 3880 2900 3962 computanda,

544 3992 640 4057 ita
681 3994 756 4058 ut
799 3992 1039 4058 ratione
1084 3992 1302 4058 habita
1345 3990 1694 4074 spatiorum
1749 3988 1915 4053 inter
1969 3988 2217 4069 singula
2275 4002 2461 4067 opera
2515 3981 2904 4047 interceden-

545 4095 706 4160 tium
752 4096 816 4160 et
859 4094 1103 4158 adiecto
1143 4092 1275 4172 hoc,
1324 4093 1488 4174 quod
1533 4111 1674 4157 cum
1720 4091 1788 4155 in
1835 4087 2113 4171 antiquis
2160 4086 2351 4152 etiam
2396 4082 2709 4150 codicibus
2755 4078 2903 4145 Ovi-

551 4200 754 4266 dianis
798 4197 1097 4282 opuscula
1142 4196 1445 4278 quaedam
1489 4192 2077 4260 Pseudo-ovidiana
2120 4186 2428 4269 exstenffl)
2451 4237 2466 4266 ‚
2529 4185 2720 4250 etiam
2763 4183 2905 4248 huic

757 4387 795 4453 8)
832 4386 898 4439 cf.
935 4383 1164 4439 codicem
1199 4353 1762 4446 chaltenhamianum‘,
1813 4394 1971 4447 quem
2016 4376 2084 4431 ad
2116 4375 2452 4430 Marcianum
2485 4370 2720 4441 proxime
2759 4377 2907 4428 acoe-

551 4471 672 4525 dere
708 4475 892 4540 postea
928 4470 1281 4525 ostendemus.
