3371 5070
1398 402 1822 466 -33-

736 608 787 645 v.
824 597 890 644 95
928 590 1166 660 affunde]
1202 591 1426 646 infunde
1461 592 1619 659 αβα,
1632 591 1708 657 h),
1743 589 1956 644 affunde
1992 592 2030 657 l¹

740 694 790 731 v.
830 682 896 730 97
936 676 1134 745 mollis]
1174 677 1325 730 molli
1362 677 1423 744 l„
1463 676 1640 730 mollis
1675 684 1763 744 αβ
1980 749 1988 756 ·

736 780 788 817 v.
828 769 926 816 100
962 763 1186 817 teneris.
1207 801 1255 817 ..
1300 763 1474 832 genis]
1512 765 1750 817 teneras·
1773 801 1820 815 ..
1870 778 2032 830 genas
2068 762 2286 831 l,ufi(c)
2301 764 2361 831 ²⁴)

631 885 990 951 Editionem
1035 884 1492 950 Bononiensem
1558 904 1629 948 ex
1695 905 1742 948 u
1808 884 2058 951 ductam
2124 903 2276 966 esse,
2335 904 2456 950 non
2499 906 2545 949 u
2616 905 2687 950 ex
2741 891 2786 969 β

430 989 833 1072 descriptum,
868 988 1027 1070 quod
1057 989 1194 1068 quis
1219 986 1522 1069 suspicari
1551 986 1770 1068 possit,
1805 987 2101 1067 quoniam
2136 988 2205 1052 in
2233 1009 2277 1050 u
2308 987 2556 1052 nullum
2586 992 2786 1053 exstet

431 1091 754 1176 temporis,
799 1109 918 1172 quo
962 1090 1232 1172 scriptus
1279 1090 1390 1169 est,
1437 1090 1759 1168 indicium,
1805 1094 2054 1175 praeter
2085 1090 2434 1158 leviuscula
2464 1091 2787 1172 quaedam,

433 1214 591 1279 quae
665 1198 935 1259 correcta
1003 1193 1298 1276 leguntur
1352 1193 1419 1256 in
1442 1192 1509 1276 ’β
1573 1195 1654 1275 (v.
1707 1193 1786 1258 19
1831 1213 1907 1258 u:
1982 1195 2059 1258 ad
2125 1195 2373 1258 ornatos
2441 1194 2668 1274 pasitu,
2715 1198 2788 1278 βε

432 1300 753 1364 adornatos
817 1298 1054 1380 positu;
1123 1315 1182 1361 v.
1230 1295 1334 1360 22.
1379 1317 1455 1360 u:
1523 1313 1691 1374 aure,
1747 1300 1821 1379 βε
1873 1303 2068 1377 aure),
2139 1315 2211 1360 ex
2278 1315 2347 1361 eo
2391 1296 2789 1378 potissimum

434 1403 740 1485 colligam,
787 1400 951 1483 quod
994 1418 1137 1464 cum
1182 1399 1247 1464 in
1299 1399 1567 1465 editione
1612 1399 1993 1465 Bononiensi
2040 1402 2391 1482 temporum
2436 1401 2675 1466 ratione
2720 1401 2787 1466 in

434 1504 640 1570 Ovidii
670 1503 959 1585 operibus
991 1501 1389 1584 disponendis
1418 1502 1484 1566 in
1526 1501 1886 1567 universum
1930 1505 2173 1567 servata
2217 1502 2789 1586 Metamorphoseon

428 1609 574 1675 libri
618 1606 837 1689 quarto
870 1606 1125 1670 demum
1155 1605 1285 1669 loco
1313 1608 1452 1687 post
1496 1604 1771 1670 carmina
1814 1605 2123 1671 amatoria
2166 1608 2313 1669 sunt
2358 1606 2670 1690 collocati,
2715 1607 2781 1671 in

429 1733 475 1776 u
518 1712 589 1776 hi
630 1709 779 1775 libri
822 1707 1096 1790 primum
1127 1707 1333 1772 locum
1364 1707 1664 1791 obtinent,
1710 1709 1774 1773 id
1805 1708 1969 1790 quod
2000 1708 2134 1773 sine
2165 1709 2352 1775 dubio
2397 1727 2521 1774 non
2551 1708 2788 1775 factum

424 1818 619 1893 resset,
679 1814 734 1877 si
779 1812 1072 1878 librarius
1118 1811 1391 1877 codicem
1432 1811 1803 1878 Urbinatem
1845 1832 1915 1879 ex
1959 1818 2004 1896 β
2048 1813 2501 1899 descripsisset.
2549 1813 2790 1895 reliqua

425 1936 616 2003 vopera
667 1920 730 1981 et
777 1915 1078 1982 Ovidiana
1135 1915 1197 1979 et
1239 1915 1849 1982 Pseudo-ovidiana
1894 1920 2109 1982 eodem
2154 1917 2219 1980 in
2265 1917 2529 1998 utroque
2576 1915 2788 1981 ordine

431 2022 579 2085 sunt
624 2018 930 2101 disposita
973 2021 1035 2083 et
1078 2018 1300 2099 iisdem
1347 2018 1475 2085 fere
1519 2019 1729 2084 titulis
1776 2018 2095 2101 inscripta.

630 2139 809 2221 Quod
854 2140 923 2205 in
964 2144 1010 2223 β
1054 2142 1197 2205 ante
1238 2157 1487 2205 carmen
1533 2141 1608 2204 de
1653 2139 1990 2222 philomela
2034 2140 2418 2223 poematium
2474 2141 2548 2205 de
2588 2140 2790 2224 pulice

426 2245 679 2328 legitur,
708 2260 833 2308 non
865 2245 1418 2308 commemoratum
1445 2241 1516 2306 in
1547 2245 1816 2325 numero⁴
1846 2244 2211 2322 carminum,
2245 2263 2400 2325 quae
2422 2263 2468 2306 u
2490 2242 2788 2319 continet,

428 2349 484 2412 i's
531 2348 637 2430 qui
656 2364 663 2369 ’
680 2352 725 2432 β
770 2349 1032 2425 curavit,
1078 2346 1178 2412 Fr.
1211 2345 1611 2422 PuteolanuS‚
1656 2347 1731 2409 ut
1774 2364 1928 2428 quae
1961 2346 2171 2412 Ovidii
2214 2346 2609 2412 habebantur
2655 2364 2790 2410 car-

431 2451 606 2517 mina
649 2450 855 2515 omnia
912 2449 1078 2534 typis
1121 2448 1476 2530 mandaret5
1534 2447 1692 2511 illud
1746 2448 1997 2515 aliunde
2063 2450 2268 2531 potuit
2314 2447 2628 2514 derivare.'
2688 2450 2793 2527 (an

431 2556 626 2622 etiam
669 2555 736 2620 in
779 2575 826 2619 u
871 2555 1073 2620 exstat
1087 2556 1142 2633 ἵ)

637 2676 805 2759 Quae
850 2675 1299 2741 similitudines
1329 2677 1497 2741 inter
1526 2676 1796 2759 reliquos
1832 2677 2025 2743 libros
2069 2675 2475 2756 intercedant,
2527 2679 2598 2739 ut
2630 2676 2792 2739 inter

429 2781 588 2862 Gm,
650 2800 777 2847 non
823 2779 922 2845 est
981 2781 1140 2861 quod
1201 2781 1539 2861 separatim
1591 2781 2032 2854 demonstrem,
2080 2781 2155 2843 ut
2213 2778 2376 2861 quod
2422 2780 2661 2843 nullius
2706 2779 2788 2842 sit

431 2885 732 2951 momenti
779 2885 860 2950 ad
905 2883 1114 2948 crisim
1159 2882 1598 2949 factitandam.

636 3005 732 3069 De
777 3006 974 3069 altera
1019 3004 1282 3068 editione
1326 3001 1621 3086 principe,
1654 3004 1932 3068 Romana
1969 3002 2079 3088 (ρ),
2116 3002 2392 3067 eiusdem
2438 3000 2590 3066 anni
2625 3002 2787 3066 1471

434 3126 558 3173 non
602 3107 753 3173 satis
799 3108 1057 3182 constat,
1104 3109 1265 3171 unde
1310 3124 1450 3170 earn
1497 3105 1874 3169 derivaverit
1918 3105 2201 3168 Andreas
2247 3104 2589 3185 episcopus,
2660 3105 2790 3169 sin·

431 3212 676 3296 gularia
719 3212 1013 3293 quaedam
1063 3210 1121 3275 ei
1168 3203 1310 3274 cum
1356 3208 1445 3293 N¹
1498 3210 1646 3274 sunt
1690 3208 2066 3273 communia.
2131 3209 2408 3271 ceterum
2454 3210 2517 3272 et
2562 3205 2637 3282 is,
2685 3208 2791 3290 qui

430 3317 589 3381 hanc
631 3314 909 3398 paravit,
955 3315 1063 3378 aut
1122 3312 1281 3376 libro
1328 3312 1557 3375 mirum
1604 3314 1909 3391 quantum
1955 3313 2238 3391 corrupto
2285 3328 2434 3374 usus
2481 3328 2632 3388 esse,
2680 3314 2789 3375 aut

431 3422 633 3484 multa
677 3419 751 3483 de
797 3436 905 3483 suo
948 3416 1270 3481 intrusisse
1301 3413 1547 3479 videtur
1576 3414 1689 3492 ita,
1719 3415 1795 3479 ut
1824 3411 2129 3478 librorum
2168 3431 2314 3477 mss.
2352 3414 2791 3479 auctoritatem

432 3521 682 3587 omnino
726 3538 845 3585 non
895 3518 1143 3584 curaret
1162 3516 1266 3600 ⁹⁵).

632 3638 932 3723 Reliquae
1002 3638 1302 3705 editiones
1362 3641 1631 3723 vetereS‚
1712 3655 1863 3720 quas
1930 3636 2204 3716 excussi,
2250 3636 2523 3703 Venetae
2590 3638 2793 3720 prima

435 3760 489 3807 a.
540 3743 704 3808 1474
733 3744 848 3830 (sl)
898 3746 961 3808 et
995 3743 1191 3808 altera
1237 3762 1292 3808 a.
1344 3742 1509 3807 1486
1534 3742 1671 3827 (ᾗ),
1703 3741 2060 3807 Parmensis
2094 3760 2147 3807 a.
2187 3741 2351 3807 1477
2400 3741 2529 3827 (π),
2562 3740 2793 3805 Aldina

428 3844 635 3928 prima
678 3866 732 3913 a.
785 3846 950 3911 1502
999 3849 1146 3929 (oq),
1215 3839 1581 3929 plerumque
1647 3846 2118 3929 consentienteS‚
2189 3845 2453 3908 eundem
2519 3845 2788 3925 produnt

426 3950 839 4032 archetypum
905 3948 1168 4014 recentis
1236 3949 1481 4027 aetatiS‚
1552 3949 1714 4032 quod
1781 3968 1814 4013 e
1883 3946 2314 4015 communibus
2363 3945 2536 4012 vitiis
2580 3952 2790 4029 potest

641 4199 704 4264 ²⁴)
750 4198 972 4251 Praeter
1009 4214 1070 4251 ea
1104 4198 1241 4265 1¹11,ss
1292 4197 1348 4250 in
1386 4198 1575 4251 multis
1627 4197 2024 4259 consentiunt,‘
2057 4210 2191 4264 quae
2240 4199 2302 4248 ut
2338 4195 2633 4249 communia
2670 4211 2790 4249 cum

429 4285 793 4353 compluribus
839 4285 964 4339 aliis
1009 4300 1113 4338 non
1166 4284 1443 4353 adscripsi.
1514 4282 1708 4337 codicis
1757 4281 2034 4335 Urbinatis
2091 4284 2147 4334 et
2180 4275 2438 4336 editionis
2472 4281 2623 4346 Bon„
2659 4293 2792 4348 quae

425 4370 591 4425 etiam
627 4372 686 4424 in
720 4370 1107 4439 orthographia
1150 4369 1369 4424 omnino
1410 4369 1738 4438 conspirant,
1792 4368 1855 4419 ut
1889 4366 2005 4431 hic,
2055 4366 2136 4420 ita
2171 4367 2333 4421 etiam
2373 4367 2430 4419 in
2465 4365 2790 4420 Heroidibus

421 4458 719 4511 maximum
757 4473 1065 4511 consensum
1103 4472 1215 4510 esse
1251 4454 1555 4510 observavit
1590 4453 1919 4522 Sedlmayer.
2545 4489 2552 4492 ,

2545 4544 2576 4591 3
