3371 5070
1429 408 1854 472 ..25—

465 597 976 673 communicavit,
1036 599 1249 659 tamen
1292 593 1608 676 integrum
1653 594 1858 657 exstat
1901 594 2210 670 omnium,
2269 612 2426 675 quae
2471 592 2818 658 Politianus

467 702 907 783 adscripserat,
973 699 1423 781 apographum,
1500 699 1660 779 quod
1709 698 2006 761 damnum
2060 696 2221 761 illud
2279 698 2840 783 compensaturum>

463 824 595 872 esse
639 805 909 870 videtur.
937 801 1326 866 ‘adservatur
1373 802 1560 879 enim,
1608 801 1670 864 id
1717 801 1879 881 quod
1910 799 2112 864 eidem
2155 797 2454 864 Anzianio
2504 798 2717 881 debeo,
2752 798 2819 862 in

459 909 846 974 bibliotheca
889 904 1140 986 publica
1168 905 1529 970 Monacensi
1580 902 1753 983 (bibl.
1785 902 1855 967 P.
1890 901 2180 983 Victorii)
2216 901 2423 967 Ovidii
2454 901 2643 967 editio
2666 901 2822 966 Par-

463 1012 696 1076 mensis
741 1030 794 1075 a.
830 1009 1013 1089 1489,
1061 1008 1125 1071 in
1163 1026 1283 1089 qua
1313 1009 1430 1072 hoc
1474 1006 1713 1089 legitur
1740 1005 2122 1086 adscriptum
2167 1021 2203 1067 a
2231 1003 2477 1081 Puccio,
2523 1004 2821 1069 Politiani

466 1113 804 1195 discipulo:
854 1110 1148 1193 „Goututi
1171 1114 1400 1174 cuncta
1433 1108 1644 1175 Ovidii
1675 1127 1867 1190 opera
1896 1128 2039 1171 cum
2070 1106 2271 1171 codice
2301 1106 2412 1186 qui
2439 1105 2564 1186 fuit
2585 1105 2821 1188 Auyeli

465 1215 785 1281 Politiaui
800 1266 816 1298 ,
863 1236 1044 1297 quem
1097 1215 1208 1278 ille
1264 1213 1483 1277 multis
1538 1212 1826 1293 antiquis
1879 1212 2193 1277 codicibus
2237 1211 2510 1274 conlatis
2552 1211 2821 1277 studiose

464 1318 922 1398 emendaverat3
947 1318 1008 1381 is
1035 1338 1211 1382 nuuc
1231 1318 1611 1382 adservatur
1640 1318 1716 1380 iu
1728 1315 1813 1381 D.
1839 1316 2057 1379 Marci
2087 1314 2464 1379 bibliotheca.
2493 1315 2823 1380 Summam

463 1421 725 1486 adhibui
769 1421 1188 1503 diliyeutiam,
1236 1440 1312 1483 ue
1355 1420 1510 1500 quid
1555 1419 1723 1500 quod
1757 1420 1831 1482 iu
1859 1419 2046 1482 istius
2079 1417 2491 1499 chiroyrapho
2532 1419 2820 1480 uotatum

460 1528 637 1609 esset,
685 1523 1028 1587 omitterem
1075 1521 1192 1586 P.“
1242 1523 1306 1598 (i.
1348 1542 1398 1585 e.
1432 1523 1751 1603 Puccius).
1798 1521 1865 1584 id
1912 1539 2054 1584 cum
2101 1520 2545 1601 comperissem
2589 1518 2818 1584 litteris

459 1629 583 1693 adii
628 1627 837 1692 virum
902 1626 1161 1690 doctum
1222 1623 1716 1690 Guilelmum
1772 1625 2059 1706 Meyer,
2123 1622 2539 1688 bibliothecae
2603 1621 2820 1689 Mona-

459 1728 658 1795 censis
703 1728 1120 1810 praefectum,
1179 1729 1633 1810 impetravique
1680 1727 1758 1792 ab
1807 1745 1908 1811 ec,
1976 1728 2050 1792 ut
2114 1730 2296 1791 notas
2342 1726 2422 1790 ad
2468 1725 2712 1790 Nucem
2756 1727 2819 1788 et

459 1831 750 1896 libellum
815 1832 892 1895 de
961 1831 1125 1895 med.
1171 1831 1215 1895 f.
1264 1828 1536 1895 adiectas
1604 1831 1670 1893 in
1726 1848 1909 1893 usum
1966 1847 2177 1892 meum
2222 1827 2619 1893 describeret.
2710 1827 2821 1893 sed

459 1934 689 2000 frustra
733 1951 1127 2016 speraveram
1170 1933 1556 1998 Politianum
1615 1932 1807 1996 etiam
1865 1932 1943 1996 ad
1996 1932 2162 1996 hunc
2206 1931 2490 1995 libellum
2538 1931 2819 1996 codicum

456 2038 837 2117 quorundam
884 2036 1280 2101 adnotavisse
1325 2034 1693 2116 scripturas3
1761 2052 1957 2116 neque
2016 2034 2182 2098 enim
2239 2033 2573 2114 quicquam
2641 2034 2818 2100 aliud

456 2140 533 2203 ad
580 2139 741 2202 hunc
785 2137 1018 2219 legitur
1062 2137 1442 2220 adscriptum
1486 2136 1609 2201 nisi
1653 2141 1837 2201 uotae
1883 2138 1959 2200 ad
2005 2155 2104 2201 res
2148 2139 2214 2199 in
2243 2141 2420 2199 textu
2467 2137 2597 2221 ipso
2644 2155 2814 2202 com-

455 2243 833 2305 memoratas
899 2244 1245 2322 spectantes
1314 2241 1569 2304 huiusce
1637 2241 1834 2305 modi:
1911 2241 1989 2305 ad
2047 2260 2107 2306 v.
2153 2241 2194 2305 3
2259 2241 2334 2304 de
2402 2240 2602 2318 cultu,
2671 2259 2727 2304 v.
2779 2240 2814 2303 7

461 2343 645 2407 Tecta
689 2363 850 2406 auro
910 2343 1048 2426 lita,
1104 2363 1164 2408 v.
1230 2345 1312 2408 10
1356 2343 1576 2409 Sectile
1640 2347 1809 2421 ebur,
1882 2364 1938 2408 v.
1989 2344 2062 2408 11
2114 2343 2356 2423 Tatius,
2404 2345 2695 2422 Sabinae,
2756 2364 2815 2413 V.

461 2446 538 2509 19
591 2446 811 2526 positu
885 2448 975 2528 (in
1042 2447 1214 2511 textu
1281 2447 1414 2528 ipso
1481 2447 1716 2530 legitur
1788 2448 2012 2528 qositu)
2036 2498 2051 2525 ,
2121 2468 2178 2513 v.
2247 2449 2326 2512 21
2399 2447 2675 2529 Lapides
2741 2446 2817 2513 iu

455 2549 750 2633 auribu3‚
810 2569 866 2613 v.
914 2550 1000 2615 30
1044 2549 1271 2629 Athos,
1319 2569 1376 2615 v.
1437 2551 1521 2614 33
1587 2549 1795 2631 Pavo,
1858 2570 1915 2616 v.
1978 2552 2091 2630 94,
2155 2555 2220 2617 in
2291 2570 2409 2634 quo
2472 2551 2661 2616 editio
2705 2551 2816 2615 illa

452 2652 642 2717 habet
685 2652 1069 2732 armoniam,
1119 2655 1429 2735 expuncta
1475 2654 1693 2719 littera
1751 2675 1788 2717 r
1834 2656 1896 2719 in
1943 2656 2226 2738 margine
2285 2654 2666 2736 adscriptum
2719 2657 2814 2722 est

452 2756 569 2821 Sal
628 2757 999 2841 amouia0u3
1047 2777 1201 2840 quae
1247 2758 1326 2823 ad
1370 2777 1426 2822 v.
1478 2760 1562 2824 70
1606 2760 2001 2840 desperatum
2047 2762 2223 2824 erant
2268 2760 2581 2834 adnotata,
2629 2757 2812 2838 plane

452 2866 598 2925 sunt
644 2861 919 2925 evanida.

662 2965 737 3027 In
785 2965 949 3028 calce
992 2962 1194 3027 libelli
1238 2963 1388 3027 haec
1431 2964 1656 3029 adiecit
1700 2964 2079 3029 Politianusz
2158 2960 2364 3038 „Puto
2428 2960 2539 3025 hoe
2586 2963 2816 3046 imper-

455 3065 686 3147 fectum
729 3084 853 3127 esse
897 3064 1301 3144 opuseulum3
1342 3084 1496 3128 uam
1525 3084 1651 3128 esse
1685 3063 1896 3149 Ovidii
1926 3083 2054 3145 pro
2083 3068 2243 3128 certo
2275 3062 2480 3147 habeo,
2510 3064 2614 3128 uel
2644 3064 2814 3145 quod

465 3165 816 3231 Ovidiauus
862 3165 1172 3231 scribendi
1241 3167 1403 3230 color
1468 3172 1555 3230 est
1571 3218 1587 3251 ,
1647 3167 1749 3230 uel
1805 3168 1971 3247 quod
2016 3186 2144 3248 pro
2198 3186 2308 3230 suo
2369 3165 2647 3230 libellum
2704 3166 2815 3233 hoc
2897 3191 2910 3198 “

455 3269 640 3334 titulo
681 3270 817 3350 ipse
860 3269 1197 3352 aquosum
1248 3289 1447 3351 neque
1490 3275 1703 3333 tamen
1749 3289 1820 3333 ex
1851 3288 1940 3354 eo,
1974 3273 2132 3352 quod
2166 3271 2245 3335 ad
2289 3270 2405 3336 hoc
2449 3273 2812 3352 opusculum

451 3373 584 3437 Pol.
633 3372 861 3437 adiecit
904 3373 1110 3438 nullas
1156 3374 1526 3456 scripturas,
1584 3390 1695 3453 pro
1754 3377 1919 3437 certo
1963 3372 2110 3454 poni
2167 3377 2404 3457 potest,
2462 3378 2538 3441 ‘in
2606 3378 2811 3443 codice

453 3477 583 3541 eius
628 3476 946 3541 Marciano
1000 3478 1160 3542 illud
1217 3497 1338 3543 non
1383 3476 1721 3543 exstitisse.
1789 3478 1982 3543 immo
2049 3479 2180 3543 sive
2241 3481 2402 3561 quod
2461 3486 2593 3547 tam
2652 3483 2811 3548 levis

451 3583 582 3644 erat
626 3580 967 3662 scripturae
1013 3581 1447 3664 discrepantia,
1493 3582 1568 3645 ut
1611 3600 1750 3646 eam
1793 3581 2066 3647 indicare
2112 3600 2330 3670 operae
2372 3586 2644 3669 pretium
2690 3604 2811 3651 non

453 3700 582 3745 esse
628 3682 958 3758 videretur,
1005 3686 1136 3749 sive
1180 3687 1428 3767 propter
1494 3685 1788 3768 exiguum
1850 3684 2051 3752 libelli
2105 3687 2416 3752 ambitum
2461 3688 2811 3752 Politianus

452 3784 737 3850 omittere
781 3786 1006 3870 potuit,
1056 3789 1216 3868 quod
1264 3789 1490 3853 adiecit
1535 3789 1599 3852 in
1645 3790 1885 3854 ceteris

650 3887 767 3954 Sed
815 3892 885 3953 ut
930 3891 1044 3954 hac
1091 3890 1467 3974 digressione
1512 3893 1678 3958 facta
1720 3892 1799 3958 ad
1840 3911 1972 3957 rem
2014 3894 2217 3976 ipsam
2260 3893 2552 3971 revertar,
2612 3893 2810 3959 Nucis

448 3989 742 4056 lectiones
790 3995 1098 4058 variantes
1157 4013 1229 4058 ex
1285 3996 1638 4078 apographo
1692 3996 1803 4060 illo
1864 3996 2221 4061 Monacensi
2266 3998 2606 4079 descriptae
2649 3999 2808 4064 tales

450 4096 612 4173 sunt,
659 4098 731 4159 ut
774 4095 908 4177 ipsa
952 4095 1089 4160 luce
1132 4097 1218 4161 sit
1264 4098 1490 4163 clarius
1543 4097 1930 4164 Politianum
1987 4118 2183 4181 neque
2229 4101 2648 4183 Marcianum,
2699 4102 2810 4183 qui

446 4197 622 4262 nobis
665 4203 910 4280 praesto
956 4202 1071 4282 est,
1120 4217 1316 4282 neque
1361 4220 1520 4278 eum,
1568 4204 1729 4266 unde
1772 4201 1876 4265 hic
1906 4202 2219 4267 derivatus
2265 4206 2379 4281 est,
2429 4204 2806 4279 adhibuisse,

448 4299 555 4364 sed
599 4299 838 4365 librum
883 4301 1310 4384 compluribus
1354 4303 1652 4387 gradibus
1701 4306 1778 4369 ab
1824 4323 1893 4368 eo
1922 4304 2259 4369 distantem
2304 4309 2384 4385 et,
2432 4306 2487 4370 si
2529 4307 2806 4373 rationes

446 4420 483 4467 a
528 4402 906 4471 Baehrensio
950 4405 993 4470 l.
1041 4424 1091 4471 c.
1140 4408 1448 4489 expositae
1493 4424 1677 4472 verae
1724 4408 1888 4488 sunt,
1947 4407 2209 4473 fortasse
2255 4425 2375 4474 non
2422 4408 2581 4474 nihil
2628 4413 2807 4475 vetu-

447 4505 719 4571 stiorem.
