3371 5070
1493 412 1913 474 -78-

520 598 752 663 cendus
770 597 873 679 ⁴⁴).
923 599 1110 662 etiam
1144 617 1437 678 papaver
1481 617 1580 663 vv.
1630 598 1712 662 99
1759 617 1846 678 sq.
1894 598 2415 672 commendatum,
2464 599 2626 678 quod
2670 599 2874 679 repri-

519 701 635 765 mit
708 705 760 764 et
826 701 1164 782 refriyerat
1232 699 1414 781 (Cels.
1476 702 1536 764 Π
1591 700 1706 776 32,
1780 701 1987 765 Diosc.
2044 699 2135 764 IV
2203 700 2316 786 65,
2395 698 2609 765 Galen.
2658 701 2871 783 Simpl.

520 805 743 870 medic.
809 805 932 867 VH
998 805 1091 868 12.
1164 804 1272 868 13:
1342 802 1412 868 ἐκ
1468 811 1581 889 τῆς
1633 796 1938 889 τετάρτης
1992 796 2265 889 ἐσχάτης
2323 826 2393 866 τε
2453 794 2691 880 τάξεως
2746 811 2874 868 τῶν

522 899 906 989 ψυχόντων),
936 907 1274 972 contritum
1323 912 1385 971 et
1432 925 1576 971 cum
1623 924 1781 988 aqua
1811 905 2018 990 gelida
2048 905 2223 988 genis
2254 905 2490 969 illitum
2522 905 2654 970 sine
2686 906 2871 970 dubio

521 1012 824 1092 pallorem
872 1011 1091 1088 efficit,
1139 1012 1180 1079 i.
1228 1029 1276 1076 e.
1325 1012 1640 1075 nullum
1688 1012 1971 1077 colorem.

725 1131 949 1196 Sensus
998 1132 1189 1212 igitur
1235 1130 1366 1211 ipse
1415 1131 1713 1197 librorum
1762 1150 1909 1195 mss.
1958 1131 2283 1195 lectionem
2330 1128 2550 1192 uullus
2580 1130 2872 1211 postulat.

532 1301 563 1309 ,-

728 1389 791 1455 ⁴⁴)
831 1389 995 1440 Plane
1033 1403 1276 1456 perverse
1312 1387 1407 1441 hos
1445 1404 1626 1441 versus
1664 1389 1720 1440 et
1757 1386 2040 1455 explicavit
2078 1391 2131 1439 et
2168 1387 2556 1453 interpretatus
2581 1390 2662 1438 est
2687 1385 2874 1438 Hertz·

518 1472 663 1541 berg.
711 1474 771 1529 V.
806 1478 874 1528 99
910 1474 1030 1528 uud
1068 1478 1198 1537 100,
1237 1473 1371 1527 dicit
1406 1474 1499 1527 ille
1537 1474 1570 1528 1.
1610 1491 1654 1528 c.
1694 1490 1742 1542 p.
1787 1478 1948 1538 1664,
1999 1475 2067 1526 ist
2122 1473 2276 1526 darm
2324 1473 2415 1526 eiu
2464 1472 2874 1540 extemporirtes

519 1560 856 1613 Hausmittel
908 1576 1032 1612 zum
1084 1560 1481 1628 Auftrayen
1542 1574 1648 1613 von
1700 1559 1900 1611 Farbe.
1962 1559 2030 1622 (P)
2080 1557 2246 1610 Deun
2299 1574 2430 1610 man
2475 1573 2621 1610 muss
2667 1573 2743 1609 au
2789 1556 2875 1609 die

517 1646 737 1698 Blatter
773 1645 866 1698 des
914 1646 1105 1699 rothen
1143 1645 1378 1698 Mohrces
1416 1644 1537 1709 (der
1573 1661 1747 1714 seyen.
1787 1643 2161 1709 Klatsehrose)
2210 1643 2432 1697 denkeu.
2470 1643 2600 1695 haec
2637 1642 2872 1710 profecto

519 1732 915 1800 simplicissima
952 1735 1092 1785 esset
1126 1732 1272 1784 rubri
1311 1731 1421 1784 fuci
1460 1731 1789 1799 compositiO,
1828 1733 1891 1782 ut
1928 1730 2089 1783 rubra
2114 1729 2361 1783 rhoeadis
2389 1729 2527 1782 folia
2551 1728 2789 1782 contrita
2814 1757 2870 1765 —

518 1835 585 1870 en
622 1819 728 1870 iam
766 1818 930 1871 habes
968 1819 1188 1871 rubrum
1226 1817 1456 1870 colorem
1495 1848 1556 1855 —
1596 1820 1649 1870 et
1689 1832 1827 1884 aqua
1862 1816 2164 1868 madefacta
2208 1831 2304 1884 pro
2352 1815 2473 1868 fuco
2520 1815 2673 1883 genis
2720 1813 2873 1866 indu·

519 1905 791 1959 cerenturl

725 2008 826 2061 Sed
864 2011 925 2059 ut
962 2007 1141 2075 paucis
1169 2008 1332 2060 etiam
1355 2006 1417 2059 de
1443 2007 1538 2059 illo
1564 2006 1681 2059 fuco
1721 2005 1893 2070 rubro,
1914 2006 2061 2058 cuius
2100 2003 2535 2073 compositionem
2560 2019 2644 2055 vv,
2672 2007 2873 2055 69—82

518 2095 702 2161 exponi
722 2093 825 2146 sibi
861 2093 1014 2146 finxit
1049 2092 1362 2161 Hertzberg,
1387 2093 1616 2146 hocloco
1655 2090 1945 2154 absolvam,
1972 2091 2185 2144 videtur
2212 2093 2293 2144 vir
2317 2091 2409 2145 ille
2434 2089 2621 2144 doctus
2647 2088 2714 2141 ad
2737 2089 2875 2142 hanc

520 2181 845 2232 sententiam
882 2197 941 2232 eo
979 2181 1318 2248 potissimum
1355 2182 1640 2248 perductus
1668 2195 1796 2242 esse,
1823 2180 1965 2246 quod
1999 2195 2049 2232 v.
2074 2183 2137 2231 ⁷3
2174 2179 2488 2232 rubentis
2523 2177 2660 2230 uitri
2682 2191 2874 2243 spuma

518 2268 572 2318 et
609 2282 826 2320 cerussa
863 2270 1336 2320 commemorantur
1374 2297 1436 2305 —
1475 2283 1597 2320 nam
1636 2254 1867 2334 reliquas
1919 2282 2002 2318 res
2051 2266 2133 2319 his
2181 2263 2425 2318 versibus
2482 2261 2873 2317 commendatas

519 2351 585 2420 ad
623 2353 771 2406 fucos
808 2354 892 2406 vel
930 2353 1207 2421 pigmenta
1261 2352 1584 2406 conficienda
1637 2358 1764 2420 apta
1818 2369 1927 2406 esse
1979 2368 2085 2405 non
2141 2368 2290 2419 posse
2343 2366 2494 2405 nemo
2542 2365 2647 2402 non
2694 2348 2874 2410 videt3

516 2438 611 2491 sed
663 2454 833 2507 neque
885 2441 1197 2508 aphronitri
1250 2440 1327 2507 (id
1381 2442 1521 2493 enim
1569 2443 1650 2492 est
1704 2456 1896 2507 spuma
1951 2439 2123 2506 uitri,-
2178 2438 2246 2492 cf.
2296 2437 2567 2491 Martialis
2621 2434 2748 2487 XIV
2784 2437 2871 2498 58)

518 2540 685 2592 neque
722 2541 961 2578 cerussae
989 2525 1086 2578 hoc
1111 2525 1324 2594 quidem
1352 2525 1469 2578 loco
1507 2523 1697 2579 color
1733 2525 2027 2593 respicitur,
2054 2523 2144 2577 sed
2183 2523 2285 2576 vis
2323 2521 2592 2575 medica.
2631 2520 2873 2574 rubens

518 2615 696 2664 autem
724 2610 1053 2664 attributum
1079 2614 1288 2680 propter
1306 2627 1368 2664 ea
1394 2612 1639 2675 adicitur,
1659 2612 1802 2679 quod
1824 2611 2108 2663 secundum
2127 2610 2380 2674 Plinium,
2406 2608 2473 2661 N.
2496 2606 2759 2661 H.XXX1
2788 2611 2870 2657 10.

517 2700 628 2764 (46)
670 2702 782 2762 113,
819 2714 880 2749 ea
918 2700 1000 2749 est
1037 2697 1338 2765 aphronitri
1376 2697 1638 2764 probatio,
1676 2703 1740 2749 ut
1775 2697 1847 2749 sit
1882 2697 2058 2750 colore
2088 2711 2270 2763 paene
2301 2708 2606 2761 purpureo,
2629 2693 2695 2745 de
2723 2693 2868 2745 nitro

518 2783 635 2850 ipso
672 2783 813 2837 Plin.
841 2783 908 2835 N.
939 2783 1005 2835 H.
1033 2782 1212 2834 XXXI
1253 2789 1331 2835 10.
1363 2786 1471 2850 (46)
1512 2787 1610 2835 116
1647 2782 1809 2835 dicit:
1849 2786 2106 2835 extenuat
2140 2781 2427 2834 scabritias
2461 2794 2727 2847 qeuarum
2752 2794 2872 2831 cum

516 2870 620 2935 fico
656 2869 895 2931 inlitum,
935 2884 1093 2936 quam
1131 2869 1241 2920 vim
1280 2868 1474 2921 collato
1513 2867 1749 2920 eiusdem
1788 2868 1900 2919 loco
1939 2866 2093 2933 (ibid.
2134 2870 2279 2928 110):
2318 2865 2391 2917 Iu
2425 2866 2576 2917 uitro
2612 2864 2872 2930 optimum

514 2955 661 3023 quod
696 2956 1099 3020 tenuissimum,
1151 2961 1213 3007 et
1260 2954 1414 3007 ideo
1450 2970 1685 3021 spuma
1720 2954 1971 3018 melior,
2012 2953 2173 3005 etiam
2210 2950 2518 3018 aphronitro
2554 2950 2872 3002 tribuemus,

516 3044 746 3095 ceterum
773 3044 827 3093 et
851 3041 983 3094 nitri
1005 3045 1058 3094 et
1080 3041 1380 3109 aphronitri
1404 3057 1531 3094 usus
1558 3040 1615 3093 in
1650 3040 1915 3093 medicina
1949 3038 2210 3091 latissime
2239 3035 2459 3105 patebat
2484 3034 2625 3103 apud
2651 3036 2871 3087 vetereS.

515 3127 707 3180 itidem
744 3144 1009 3193 cerussae,
1063 3144 1224 3195 quam
1280 3143 1403 3179 sane
1450 3126 1866 3180 usitatissimam
1911 3125 2075 3179 fuisse
2124 3126 2182 3176 in
2231 3124 2368 3176 fucis
2416 3120 2755 3176 conficiendis
2808 3124 2868 3171 ut

518 3214 760 3278 minium,
797 3217 956 3279 creta,
992 3214 1373 3282 purpurissum,
1400 3213 1506 3266 alia
1544 3212 1631 3277 (cf.
1658 3211 2035 3278 Becker-Rem,
2056 3211 2245 3265 Gallus
2281 3210 2397 3263 111³
2433 3224 2481 3276 p.
2525 3211 2641 3272 118)
2684 3208 2870 3259 notum

517 3304 614 3362 est,
644 3299 740 3352 hoc
777 3301 886 3353 loco
928 3302 1172 3368 tangitur
1208 3301 1323 3352 vis
1359 3316 1412 3351 m
1433 3316 1459 3351 e
1479 3300 1553 3352 di
1579 3316 1605 3351 c
1624 3316 1655 3352 a
1673 3340 1685 3363 ‚
1728 3300 1789 3352 de
1814 3316 1915 3367 qua
1940 3298 2008 3354 cf.
2027 3299 2202 3354 Diosc.
2229 3297 2275 3349 V
2316 3300 2411 3348 103
2447 3295 2562 3363 Spr.
2592 3290 2872 3361 (Δίναμιν

516 3386 629 3454 ἔχει
656 3384 940 3452 ψυκτικὴν,
969 3385 1367 3456 ἑμπλαστικήν,
1386 3385 1753 3456 μαλακτικὴν,
1774 3384 2140 3456 πληρωτικὴν,
2160 3379 2521 3450 λεπτυντικήν
2538 3396 2548 3410 ·
2563 3418 2575 3431 .
2596 3418 2611 3433 .
2632 3418 2645 3432 .
2674 3371 2870 3449 μιγνύ-

514 3490 691 3539 μενον
740 3478 1010 3542 κηρωταῖς
1063 3477 1158 3525 καὶ
1211 3477 1473 3546 λιπαραῖς
1527 3475 1901 3546 ἔμπλάστροις
1954 3476 2048 3525 καὶ
2101 3474 2463 3542 τροχίσκοις),
2519 3467 2658 3521 Plin.
2698 3465 2765 3520 N.
2801 3464 2870 3516 H.

518 3556 747 3611 XXXIV
786 3562 864 3614 18.
915 3561 1024 3625 (54)
1067 3563 1164 3611 176
1218 3560 1316 3624 (vis
1353 3561 1470 3613 eius
1516 3559 1704 3612 eadem
1752 3575 1890 3627 quae
1924 3574 2097 3626 supra
2132 3558 2293 3612 dictis
2341 3559 2433 3623 (sc.
2478 3549 2866 3622 refriqeraudi,

516 3646 792 3698 leuissima
817 3650 1035 3698 tautum
1062 3660 1131 3698 ex
1154 3646 1415 3716 omnibus,
1445 3652 1859 3713 praeterque
1895 3644 1977 3697 ad
2025 3643 2388 3698 eandorem
2412 3640 2869 3707 feminarum),

517 3731 756 3793 XXVIII
800 3737 875 3783 12.
906 3733 1013 3799 (50)
1059 3734 1169 3794 183,
1210 3735 1256 3781 9.
1297 3735 1402 3798 (37)
1444 3735 1557 3794 139,
1600 3734 1677 3785 18.
1719 3733 1829 3797 (74)
1868 3736 1963 3783 241
2004 3733 2066 3783 al.

725 3837 801 3889 De
840 3835 975 3889 fucis
1014 3835 1188 3902 igitur
1226 3834 1309 3886 vel
1346 3834 1639 3902 pigmentis
1676 3851 1781 3887 non
1820 3835 1936 3901 agit
1973 3832 2213 3888 Ovidius,
