<?xml version="1.0" encoding="UTF-8"?>
<!DOCTYPE html PUBLIC "-//W3C//DTD XHTML 1.0 Transitional//EN"
    "http://www.w3.org/TR/xhtml1/DTD/xhtml1-transitional.dtd">
<html xmlns="http://www.w3.org/1999/xhtml" xml:lang="en" lang="en">
 <head>
  <title>
</title>
<meta http-equiv="Content-Type" content="text/html;charset=utf-8" />
  <meta name='ocr-system' content='tesseract 3.04.00' />
  <meta name='ocr-capabilities' content='ocr_page ocr_carea ocr_par ocr_line ocrx_word'/>
</head>
<body>
  <div class='ocr_page' id='page_1' title='image "./povidiinasonisl01kunzgoog_0014.png"; bbox 0 0 3371 5070; ppageno 0'>
   <div class='ocr_carea' id='block_1_1' title="bbox 1578 480 1953 543">
    <p class='ocr_par' dir='ltr' id='par_1_1' title="bbox 1578 480 1953 543">
     <span class='ocr_line' id='line_1_1' title="bbox 1578 480 1953 543; baseline 0 -16"><span class='ocrx_word' id='word_1_1' title='bbox 1578 480 1953 543; x_wconf 67' lang='lat'>-4-</span> 
     </span>
    </p>
   </div>
   <div class='ocr_carea' id='block_1_2' title="bbox 578 668 2943 960">
    <p class='ocr_par' dir='ltr' id='par_1_2' title="bbox 578 668 2943 960">
     <span class='ocr_line' id='line_1_2' title="bbox 579 668 2943 751; baseline -0.001 -16"><span class='ocrx_word' id='word_1_2' title='bbox 579 668 812 748; x_wconf 84' lang='lat' dir='ltr'>officia,</span> <span class='ocrx_word' id='word_1_3' title='bbox 862 687 1017 751; x_wconf 89' lang='lat' dir='ltr'>quae</span> <span class='ocrx_word' id='word_1_4' title='bbox 1062 668 1220 733; x_wconf 91' lang='lat' dir='ltr'>mihi</span> <span class='ocrx_word' id='word_1_5' title='bbox 1263 669 1580 751; x_wconf 84' lang='lat' dir='ltr'>proposui,</span> <span class='ocrx_word' id='word_1_6' title='bbox 1642 688 1713 732; x_wconf 82' lang='lat' dir='ltr'>ex</span> <span class='ocrx_word' id='word_1_7' title='bbox 1758 669 1927 733; x_wconf 92' lang='lat' dir='ltr'>omni</span> <span class='ocrx_word' id='word_1_8' title='bbox 1971 672 2148 751; x_wconf 87' lang='lat' dir='ltr'>parte</span> <span class='ocrx_word' id='word_1_9' title='bbox 2206 688 2339 734; x_wconf 88' lang='lat' dir='ltr'>esse</span> <span class='ocrx_word' id='word_1_10' title='bbox 2398 668 2834 734; x_wconf 89' lang='lat' dir='ltr'>absoluturum</span> <span class='ocrx_word' id='word_1_11' title='bbox 2880 670 2943 732; x_wconf 91' lang='lat' dir='ltr'>in</span> 
     </span>
     <span class='ocr_line' id='line_1_3' title="bbox 578 770 2941 857; baseline -0.002 -20"><span class='ocrx_word' id='word_1_12' title='bbox 578 772 798 854; x_wconf 87' lang='lat' dir='ltr'>primis</span> <span class='ocrx_word' id='word_1_13' title='bbox 841 775 1013 854; x_wconf 89' lang='lat' dir='ltr'>prius</span> <span class='ocrx_word' id='word_1_14' title='bbox 1058 773 1214 837; x_wconf 92' lang='lat' dir='ltr'>illud</span> <span class='ocrx_word' id='word_1_15' title='bbox 1274 773 1478 836; x_wconf 85' lang='lat' dir='ltr'>textus</span> <span class='ocrx_word' id='word_1_16' title='bbox 1538 771 1989 857; x_wconf 84' lang='lat' dir='ltr'>constituendi3</span> <span class='ocrx_word' id='word_1_17' title='bbox 2058 774 2164 839; x_wconf 87' lang='lat' dir='ltr'>sed</span> <span class='ocrx_word' id='word_1_18' title='bbox 2219 775 2642 854; x_wconf 89' lang='lat' dir='ltr'>quodcumque</span> <span class='ocrx_word' id='word_1_19' title='bbox 2699 770 2941 853; x_wconf 83' lang='lat' dir='ltr'><strong>assequi</strong></span> 
     </span>
     <span class='ocr_line' id='line_1_4' title="bbox 578 874 2942 960; baseline -0 -19"><span class='ocrx_word' id='word_1_20' title='bbox 578 875 940 960; x_wconf 85' lang='lat' dir='ltr'>contigerit,</span> <span class='ocrx_word' id='word_1_21' title='bbox 988 876 1041 940; x_wconf 88' lang='lat' dir='ltr'>si</span> <span class='ocrx_word' id='word_1_22' title='bbox 1087 875 1240 940; x_wconf 89' lang='lat' dir='ltr'>viris</span> <span class='ocrx_word' id='word_1_23' title='bbox 1285 875 1480 939; x_wconf 88' lang='lat' dir='ltr'>doctis</span> <span class='ocrx_word' id='word_1_24' title='bbox 1528 874 1718 939; x_wconf 86' lang='lat' dir='ltr'>fuerit</span> <span class='ocrx_word' id='word_1_25' title='bbox 1762 876 2127 958; x_wconf 85' lang='lat' dir='ltr'>probatum,</span> <span class='ocrx_word' id='word_1_26' title='bbox 2175 878 2307 941; x_wconf 90' lang='lat' dir='ltr'>toto</span> <span class='ocrx_word' id='word_1_27' title='bbox 2353 878 2601 958; x_wconf 85' lang='lat' dir='ltr'>pectore</span> <span class='ocrx_word' id='word_1_28' title='bbox 2646 874 2942 940; x_wconf 85' lang='lat' dir='ltr'>laetabor.</span> 
     </span>
    </p>
   </div>
   <div class='ocr_carea' id='block_1_3' title="bbox 576 994 2944 2404">
    <p class='ocr_par' dir='ltr' id='par_1_3' title="bbox 576 994 2944 2404">
     <span class='ocr_line' id='line_1_5' title="bbox 783 994 2944 1080; baseline -0.001 -21"><span class='ocrx_word' id='word_1_29' title='bbox 783 996 1020 1078; x_wconf 86' lang='lat' dir='ltr'>Restat,</span> <span class='ocrx_word' id='word_1_30' title='bbox 1089 998 1159 1061; x_wconf 92' lang='lat' dir='ltr'>ut</span> <span class='ocrx_word' id='word_1_31' title='bbox 1225 997 1458 1079; x_wconf 77' lang='lat' dir='ltr'><strong>gratias</strong></span> <span class='ocrx_word' id='word_1_32' title='bbox 1506 1013 1697 1077; x_wconf 91' lang='lat' dir='ltr'>quam</span> <span class='ocrx_word' id='word_1_33' title='bbox 1742 996 2044 1061; x_wconf 86' lang='lat' dir='ltr'>maximas</span> <span class='ocrx_word' id='word_1_34' title='bbox 2088 997 2336 1078; x_wconf 91' lang='lat' dir='ltr'>publice</span> <span class='ocrx_word' id='word_1_35' title='bbox 2406 1014 2587 1080; x_wconf 88' lang='lat' dir='ltr'>agam</span> <span class='ocrx_word' id='word_1_36' title='bbox 2654 994 2735 1059; x_wconf 92' lang='lat' dir='ltr'>iis</span> <span class='ocrx_word' id='word_1_37' title='bbox 2798 994 2944 1059; x_wconf 89' lang='lat' dir='ltr'>viris</span> 
     </span>
     <span class='ocr_line' id='line_1_6' title="bbox 580 1098 2943 1184; baseline -0.001 -20"><span class='ocrx_word' id='word_1_38' title='bbox 580 1100 862 1184; x_wconf 79' lang='lat' dir='ltr'>egregiiS,</span> <span class='ocrx_word' id='word_1_39' title='bbox 911 1100 1014 1181; x_wconf 91' lang='lat' dir='ltr'>qui</span> <span class='ocrx_word' id='word_1_40' title='bbox 1060 1098 1127 1162; x_wconf 92' lang='lat' dir='ltr'>in</span> <span class='ocrx_word' id='word_1_41' title='bbox 1175 1100 1602 1181; x_wconf 80' lang='lat' dir='ltr'>comparandis</span> <span class='ocrx_word' id='word_1_42' title='bbox 1647 1099 1954 1163; x_wconf 90' lang='lat' dir='ltr'>librorum</span> <span class='ocrx_word' id='word_1_43' title='bbox 1998 1119 2190 1164; x_wconf 90' lang='lat' dir='ltr'>manu</span> <span class='ocrx_word' id='word_1_44' title='bbox 2240 1100 2611 1180; x_wconf 87' lang='lat' dir='ltr'>scriptorum</span> <span class='ocrx_word' id='word_1_45' title='bbox 2659 1098 2943 1163; x_wconf 86' lang='lat' dir='ltr'>collatio-</span> 
     </span>
     <span class='ocr_line' id='line_1_7' title="bbox 579 1201 2938 1285; baseline 0.001 -20"><span class='ocrx_word' id='word_1_46' title='bbox 579 1202 761 1267; x_wconf 82' lang='lat' dir='ltr'>nibus</span> <span class='ocrx_word' id='word_1_47' title='bbox 835 1201 1100 1285; x_wconf 88' lang='lat' dir='ltr'>aliisque</span> <span class='ocrx_word' id='word_1_48' title='bbox 1170 1201 1465 1266; x_wconf 85' lang='lat' dir='ltr'>subsidiis</span> <span class='ocrx_word' id='word_1_49' title='bbox 1532 1219 1644 1284; x_wconf 90' lang='lat' dir='ltr'>ope</span> <span class='ocrx_word' id='word_1_50' title='bbox 1714 1220 1825 1264; x_wconf 88' lang='lat' dir='ltr'>sua</span> <span class='ocrx_word' id='word_1_51' title='bbox 1891 1221 1990 1265; x_wconf 90' lang='lat' dir='ltr'>me</span> <span class='ocrx_word' id='word_1_52' title='bbox 2060 1202 2324 1284; x_wconf 85' lang='lat' dir='ltr'>benigne</span> <span class='ocrx_word' id='word_1_53' title='bbox 2392 1201 2805 1266; x_wconf 83' lang='lat' dir='ltr'>adiuverunt:</span> <span class='ocrx_word' id='word_1_54' title='bbox 2877 1202 2938 1267; x_wconf 87' lang='lat' dir='ltr'>J.</span> 
     </span>
     <span class='ocr_line' id='line_1_8' title="bbox 576 1301 2944 1386; baseline -0 -18"><span class='ocrx_word' id='word_1_55' title='bbox 576 1307 637 1369; x_wconf 86' lang='lat' dir='ltr'>H</span> <span class='ocrx_word' id='word_1_56' title='bbox 653 1309 853 1386; x_wconf 90' lang='lat' dir='ltr'>aupt,</span> <span class='ocrx_word' id='word_1_57' title='bbox 881 1305 1289 1370; x_wconf 89' lang='lat' dir='ltr'>bibliothecae</span> <span class='ocrx_word' id='word_1_58' title='bbox 1313 1303 1625 1386; x_wconf 77' lang='lat' dir='ltr'>palatinae</span> <span class='ocrx_word' id='word_1_59' title='bbox 1641 1303 2128 1370; x_wconf 89' lang='lat' dir='ltr'>Vindobonensis</span> <span class='ocrx_word' id='word_1_60' title='bbox 2153 1305 2362 1368; x_wconf 89' lang='lat' dir='ltr'>custos</span> <span class='ocrx_word' id='word_1_61' title='bbox 2388 1305 2450 1366; x_wconf 93' lang='lat' dir='ltr'>et</span> <span class='ocrx_word' id='word_1_62' title='bbox 2472 1305 2544 1366; x_wconf 85' lang='lat' dir='ltr'>A.</span> <span class='ocrx_word' id='word_1_63' title='bbox 2563 1301 2666 1366; x_wconf 83' lang='lat' dir='ltr'>Go</span> <span class='ocrx_word' id='word_1_64' title='bbox 2684 1302 2751 1367; x_wconf 90' lang='lat' dir='ltr'>el</span> <span class='ocrx_word' id='word_1_65' title='bbox 2767 1304 2847 1366; x_wconf 92' lang='lat' dir='ltr'>dl</span> <span class='ocrx_word' id='word_1_66' title='bbox 2869 1302 2944 1367; x_wconf 91' lang='lat' dir='ltr'>in</span> 
     </span>
     <span class='ocr_line' id='line_1_9' title="bbox 581 1405 2942 1489; baseline -0.001 -16"><span class='ocrx_word' id='word_1_67' title='bbox 581 1409 664 1473; x_wconf 87' lang='lat' dir='ltr'>de</span> <span class='ocrx_word' id='word_1_68' title='bbox 740 1407 1218 1488; x_wconf 86' lang='lat' dir='ltr'>Tiefenau,</span> <span class='ocrx_word' id='word_1_69' title='bbox 1297 1407 1574 1471; x_wconf 68' lang='lat' dir='ltr'>eiusdemv</span> <span class='ocrx_word' id='word_1_70' title='bbox 1643 1407 2056 1473; x_wconf 76' lang='lat' dir='ltr'>bibliothecae</span> <span class='ocrx_word' id='word_1_71' title='bbox 2123 1407 2388 1489; x_wconf 81' lang='lat' dir='ltr'>scriptor</span> <span class='ocrx_word' id='word_1_72' title='bbox 2453 1405 2942 1470; x_wconf 88' lang='lat' dir='ltr'>humanissimus</span> 
     </span>
     <span class='ocr_line' id='line_1_10' title="bbox 577 1509 2940 1593; baseline -0.001 -17"><span class='ocrx_word' id='word_1_73' title='bbox 577 1512 635 1576; x_wconf 91' lang='lat' dir='ltr'>N</span> <span class='ocrx_word' id='word_1_74' title='bbox 649 1510 953 1576; x_wconf 88' lang='lat' dir='ltr'>icolaus</span> <span class='ocrx_word' id='word_1_75' title='bbox 999 1511 1365 1593; x_wconf 90' lang='lat' dir='ltr'>Anziani,</span> <span class='ocrx_word' id='word_1_76' title='bbox 1426 1530 1552 1574; x_wconf 86' lang='lat' dir='ltr'>rev.</span> <span class='ocrx_word' id='word_1_77' title='bbox 1600 1510 2011 1575; x_wconf 89' lang='lat' dir='ltr'>bibliothecae</span> <span class='ocrx_word' id='word_1_78' title='bbox 2057 1509 2511 1574; x_wconf 80' lang='lat' dir='ltr'>Laurentiauae</span> <span class='ocrx_word' id='word_1_79' title='bbox 2571 1509 2940 1590; x_wconf 79' lang='lat' dir='ltr'>praefeotUS,</span> 
     </span>
     <span class='ocr_line' id='line_1_11' title="bbox 578 1610 2943 1695; baseline -0 -18"><span class='ocrx_word' id='word_1_80' title='bbox 578 1613 679 1678; x_wconf 89' lang='lat' dir='ltr'>W.</span> <span class='ocrx_word' id='word_1_81' title='bbox 706 1614 787 1678; x_wconf 89' lang='lat' dir='ltr'>N.</span> <span class='ocrx_word' id='word_1_82' title='bbox 833 1614 927 1678; x_wconf 92' lang='lat' dir='ltr'>du</span> <span class='ocrx_word' id='word_1_83' title='bbox 971 1614 1199 1695; x_wconf 90' lang='lat' dir='ltr'>Rieu,</span> <span class='ocrx_word' id='word_1_84' title='bbox 1249 1614 1692 1679; x_wconf 85' lang='lat' dir='ltr'>Universitatis</span> <span class='ocrx_word' id='word_1_85' title='bbox 1737 1613 2087 1677; x_wconf 86' lang='lat' dir='ltr'>litterarum</span> <span class='ocrx_word' id='word_1_86' title='bbox 2135 1612 2562 1695; x_wconf 85' lang='lat' dir='ltr'>Lugdunensis</span> <span class='ocrx_word' id='word_1_87' title='bbox 2608 1610 2943 1676; x_wconf 88' lang='lat' dir='ltr'>bibliothe-</span> 
     </span>
     <span class='ocr_line' id='line_1_12' title="bbox 577 1715 2941 1799; baseline -0.001 -18"><span class='ocrx_word' id='word_1_88' title='bbox 577 1717 800 1795; x_wconf 81' lang='lat' dir='ltr'>cariuS,</span> <span class='ocrx_word' id='word_1_89' title='bbox 868 1719 1014 1781; x_wconf 91' lang='lat' dir='ltr'>Leo</span> <span class='ocrx_word' id='word_1_90' title='bbox 1030 1717 1306 1799; x_wconf 91' lang='lat' dir='ltr'>poldus</span> <span class='ocrx_word' id='word_1_91' title='bbox 1375 1718 1428 1780; x_wconf 96' lang='lat' dir='ltr'>D</span> <span class='ocrx_word' id='word_1_92' title='bbox 1456 1717 1772 1791; x_wconf 86' lang='lat' dir='ltr'>elisle,</span> <span class='ocrx_word' id='word_1_93' title='bbox 1844 1715 1993 1780; x_wconf 89' lang='lat' dir='ltr'>bibl.</span> <span class='ocrx_word' id='word_1_94' title='bbox 2065 1718 2191 1780; x_wconf 87' lang='lat' dir='ltr'>nat.</span> <span class='ocrx_word' id='word_1_95' title='bbox 2267 1716 2583 1780; x_wconf 85' lang='lat' dir='ltr'>Parisinae</span> <span class='ocrx_word' id='word_1_96' title='bbox 2657 1715 2941 1796; x_wconf 87' lang='lat' dir='ltr'>director,</span> 
     </span>
     <span class='ocr_line' id='line_1_13' title="bbox 579 1818 2939 1903; baseline 0 -19"><span class='ocrx_word' id='word_1_97' title='bbox 579 1819 1016 1885; x_wconf 86' lang='lat' dir='ltr'>Guilelmus</span> <span class='ocrx_word' id='word_1_98' title='bbox 1078 1821 1359 1903; x_wconf 84' lang='lat' dir='ltr'>Meyer,</span> <span class='ocrx_word' id='word_1_99' title='bbox 1421 1819 1574 1884; x_wconf 90' lang='lat' dir='ltr'>bibl.</span> <span class='ocrx_word' id='word_1_100' title='bbox 1622 1818 1906 1902; x_wconf 87' lang='lat' dir='ltr'>publicae</span> <span class='ocrx_word' id='word_1_101' title='bbox 1949 1818 2339 1883; x_wconf 88' lang='lat' dir='ltr'>Monacensis</span> <span class='ocrx_word' id='word_1_102' title='bbox 2384 1818 2753 1899; x_wconf 50' lang='lat' dir='ltr'>praefectus</span> <span class='ocrx_word' id='word_1_103' title='bbox 2803 1818 2939 1885; x_wconf 84' lang='lat' dir='ltr'>Ga-</span> 
     </span>
     <span class='ocr_line' id='line_1_14' title="bbox 578 1920 2941 2003; baseline -0 -15"><span class='ocrx_word' id='word_1_104' title='bbox 578 1924 790 1989; x_wconf 90' lang='lat' dir='ltr'>briel</span> <span class='ocrx_word' id='word_1_105' title='bbox 834 1923 1111 2003; x_wconf 85' lang='lat' dir='ltr'>Meier,</span> <span class='ocrx_word' id='word_1_106' title='bbox 1171 1942 1296 1987; x_wconf 84' lang='lat' dir='ltr'>rev.</span> <span class='ocrx_word' id='word_1_107' title='bbox 1345 1921 1859 1987; x_wconf 86' lang='lat' dir='ltr'>bibliothecarius</span> <span class='ocrx_word' id='word_1_108' title='bbox 1927 1920 2404 1998; x_wconf 84' lang='lat' dir='ltr'>Einsiedlensis;</span> <span class='ocrx_word' id='word_1_109' title='bbox 2466 1921 2728 2001; x_wconf 89' lang='lat' dir='ltr'>denique</span> <span class='ocrx_word' id='word_1_110' title='bbox 2799 1941 2941 1987; x_wconf 90' lang='lat' dir='ltr'>oum</span> 
     </span>
     <span class='ocr_line' id='line_1_15' title="bbox 577 2024 2941 2109; baseline -0 -17"><span class='ocrx_word' id='word_1_111' title='bbox 577 2044 824 2093; x_wconf 86' lang='lat' dir='ltr'>summa</span> <span class='ocrx_word' id='word_1_112' title='bbox 883 2026 1051 2109; x_wconf 89' lang='lat' dir='ltr'>grati</span> <span class='ocrx_word' id='word_1_113' title='bbox 1105 2025 1300 2091; x_wconf 90' lang='lat' dir='ltr'>animi</span> <span class='ocrx_word' id='word_1_114' title='bbox 1358 2025 1796 2090; x_wconf 86' lang='lat' dir='ltr'>testificatione</span> <span class='ocrx_word' id='word_1_115' title='bbox 1863 2026 2011 2089; x_wconf 91' lang='lat' dir='ltr'>sunt</span> <span class='ocrx_word' id='word_1_116' title='bbox 2077 2025 2437 2089; x_wconf 87' lang='lat' dir='ltr'>nominandi</span> <span class='ocrx_word' id='word_1_117' title='bbox 2506 2024 2692 2089; x_wconf 89' lang='lat' dir='ltr'>amici</span> <span class='ocrx_word' id='word_1_118' title='bbox 2753 2026 2832 2090; x_wconf 90' lang='lat' dir='ltr'>H.</span> <span class='ocrx_word' id='word_1_119' title='bbox 2881 2024 2941 2091; x_wconf 87' lang='lat' dir='ltr'>S.</span> 
     </span>
     <span class='ocr_line' id='line_1_16' title="bbox 577 2129 2941 2212; baseline -0.001 -16"><span class='ocrx_word' id='word_1_120' title='bbox 577 2132 1046 2212; x_wconf 79' lang='lat' dir='ltr'>Sedlmayer,</span> <span class='ocrx_word' id='word_1_121' title='bbox 1094 2130 1491 2195; x_wconf 88' lang='lat' dir='ltr'>Henricus</span> <span class='ocrx_word' id='word_1_122' title='bbox 1539 2129 1921 2211; x_wconf 85' lang='lat' dir='ltr'>Schenkl,</span> <span class='ocrx_word' id='word_1_123' title='bbox 1966 2130 2029 2195; x_wconf 87' lang='lat' dir='ltr'>J.</span> <span class='ocrx_word' id='word_1_124' title='bbox 2077 2129 2146 2196; x_wconf 87' lang='lat' dir='ltr'>S.</span> <span class='ocrx_word' id='word_1_125' title='bbox 2190 2129 2718 2195; x_wconf 84' lang='lat' dir='ltr'>Frankfurter</span> <span class='ocrx_word' id='word_1_126' title='bbox 2789 2129 2941 2193; x_wconf 92' lang='lat' dir='ltr'>Vin-</span> 
     </span>
     <span class='ocr_line' id='line_1_17' title="bbox 578 2234 2938 2317; baseline -0 -18"><span class='ocrx_word' id='word_1_127' title='bbox 578 2235 987 2301; x_wconf 86' lang='lat' dir='ltr'>dobonenses:</span> <span class='ocrx_word' id='word_1_128' title='bbox 1064 2236 1214 2317; x_wconf 92' lang='lat' dir='ltr'>quid</span> <span class='ocrx_word' id='word_1_129' title='bbox 1270 2236 1561 2317; x_wconf 89' lang='lat' dir='ltr'>cuiusque</span> <span class='ocrx_word' id='word_1_130' title='bbox 1618 2234 1990 2300; x_wconf 87' lang='lat' dir='ltr'>liberalitati</span> <span class='ocrx_word' id='word_1_131' title='bbox 2054 2235 2329 2313; x_wconf 87' lang='lat' dir='ltr'>debeam,</span> <span class='ocrx_word' id='word_1_132' title='bbox 2397 2254 2506 2298; x_wconf 90' lang='lat' dir='ltr'>suo</span> <span class='ocrx_word' id='word_1_133' title='bbox 2572 2235 2702 2299; x_wconf 93' lang='lat' dir='ltr'>loco</span> <span class='ocrx_word' id='word_1_134' title='bbox 2773 2253 2938 2300; x_wconf 91' lang='lat' dir='ltr'>com-</span> 
     </span>
     <span class='ocr_line' id='line_1_18' title="bbox 577 2338 1043 2404; baseline 0.002 -2"><span class='ocrx_word' id='word_1_135' title='bbox 577 2338 1043 2404; x_wconf 88' lang='lat' dir='ltr'>memorabitur.</span> 
     </span>
    </p>
   </div>
   <div class='ocr_carea' id='block_1_4' title="bbox 1563 2777 1966 2796">
    <p class='ocr_par' dir='ltr' id='par_1_4' title="bbox 1563 2777 1966 2796">
     <span class='ocr_line' id='line_1_19' title="bbox 1563 2777 1966 2796; textangle 90"><span class='ocrx_word' id='word_1_136' title='bbox 1563 2777 1966 2796; x_wconf 78' lang='grc' dir='ltr'><strong>Η</strong></span> 
     </span>
    </p>
   </div>
  </div>
 </body>
</html>
