3371 5070
1490 444 1564 453 ..,
1646 408 1898 471 71.-

515 600 718 679 crant,
765 615 962 675 quare
1005 595 1317 659 scribatur
1349 594 1599 678 piyris;
1641 594 1721 675 cf.
1759 614 1843 659 ὐε.
1892 598 1974 659 58
2022 594 2191 659 lenta
2234 595 2373 659 iube
2416 593 2642 658 scabra
2681 595 2871 676 fran-

514 703 622 781 9at
667 699 868 763 asella
909 697 1078 761 mola
1109 735 1187 743 —
1220 698 1475 780 proinde
1511 715 1582 761 ac
1612 700 1860 779 legatur
1892 696 2065 760 lenta
2093 698 2263 761 mola
2294 715 2416 762 non
2450 697 2622 761 lenta
2650 697 2867 790 asella,

518 802 693 866 cuius
760 801 1138 866 attributum
1206 801 1429 866 tritum
1496 802 1590 865 est
1656 801 1828 864 lenta
1890 800 2055 883 (vide
2099 801 2244 865 Am.
2290 801 2352 865 II
2425 801 2479 864 7.
2531 801 2641 876 16,
2710 801 2864 866 Met.

526 904 618 969 XI
668 905 832 979 179).

719 1033 879 1096 Mihi
924 1033 1082 1096 nihil
1130 1034 1377 1098 omnino
1408 1033 1778 1098 mutandum
1811 1051 1939 1098 esse
1975 1032 2236 1097 videtur.
2286 1034 2511 1098 etenim
2538 1033 2872 1114 pumicem,

522 1156 594 1201 ex
624 1154 743 1218 quo
787 1137 1027 1218 lapides
1072 1139 1339 1202 molares
1384 1138 1571 1220 vulgo
1618 1137 2099 1202 conficiebantur
2133 1137 2230 1215 (cf.
2264 1136 2428 1201 Fast.
2456 1137 2546 1200 VI
2577 1137 2701 1201 318
2739 1157 2869 1216 pu-

434 1314 451 1337 N
515 1239 743 1304 miceac
787 1240 1002 1318 molae,
1051 1242 1157 1305 ubi
1203 1242 1385 1306 Peter
1429 1241 1584 1305 falso
1630 1242 2105 1323 interpretatur:
2152 1239 2323 1302 nicht
2364 1259 2481 1303 von
2531 1239 2869 1325 Bimstein,

515 1343 787 1407 sondern
830 1344 1191 1426 ausyeho‘hlt
1235 1345 1349 1409 wie
1391 1344 1757 1423 Bimstcin),
1807 1347 2004 1410 colore
2046 1344 2339 1428 subnigro
2372 1344 2562 1409 fuisse
2595 1344 2873 1424 exempla

516 1445 804 1529 Pompeis
850 1450 1095 1528 reperta
1124 1447 1479 1526 ostendunt,
1513 1465 1670 1528 quae
1704 1446 2170 1511 accuratissime
2206 1446 2500 1510 describit
2534 1445 2872 1528 Overbeck‚

516 1549 820 1631 Pompeji,
868 1571 928 1633 p.
974 1549 1103 1615 340
1147 1569 1276 1633 sqq.
1325 1551 1438 1629 (ed.
1488 1550 1571 1629 3).
1646 1548 1772 1614 Die
1805 1549 2361 1631 pompeianischen
2410 1548 2680 1612 Mithlen
2723 1549 2873 1613 sind

515 1672 635 1716 aus
677 1653 879 1717 ciuem
917 1673 1260 1736 yraucn,
1302 1653 1550 1735 qrobcn,
1578 1659 1848 1733 porosen
1890 1654 2215 1734 Tuffstein,
2249 1653 2406 1719 dicit
2435 1654 2517 1719 Η.
2550 1653 2871 1729 Bliimner,

519 1757 623 1836 qui
691 1756 1052 1820 doctissime
1111 1759 1172 1819 et
1230 1755 1645 1838 copiosissime
1705 1755 1778 1818 de
1839 1755 2020 1820 molis
2067 1759 2345 1820 veterum
2392 1755 2527 1837 agit
2572 1755 2638 1818 in
2687 1755 2867 1833 libro,

517 1860 611 1922 cui
678 1857 1028 1940 inscripsit:
1099 1858 1514 1940 Technologie
1559 1857 1684 1921 und
1731 1857 2187 1940 Terminologie
2236 1858 2342 1921 der
2389 1859 2685 1924 Gewerbe
2746 1858 2873 1922 und

517 1960 782 2042 Kiinste,
830 1961 863 2025 I
908 1979 968 2041 p.
1015 1961 1286 2026 23-49.
1340 1961 1612 2047 Galenus
1656 1961 1742 2043 gl.
1793 1963 2084 2043 Hippocr.
2132 1962 2286 2025 XIX
2335 1962 2408 2024 18
2453 1961 2638 2026 dicit:
2684 1958 2875 2026 λίθον

514 2062 788 2147 μέλανα·
835 2063 1119 2150 μυλίτην,
1167 2069 1231 2128 et
1288 2064 1508 2130 Strabo
1554 2066 1716 2129 XIII
1773 2066 1927 2130 645:
1996 2056 2160 2149 ὄὶκρα
2205 2063 2510 2130 Μέλαινα
2557 2066 2647 2147 (111
2695 2064 2868 2144 Asia)

518 2162 732 2251 μύλων
776 2165 1011 2249 ἔχουσα
1056 2160 1386 2252 λατόμιον.

722 2300 796 2364 111
843 2318 902 2363 ν.
955 2299 1036 2362 74
1079 2299 1294 2382 utique
1337 2298 1755 2381 reponendum
1814 2298 1938 2362 est:
1996 2296 2213 2380 Desit,
2272 2301 2328 2360 et
2383 2295 2682 2378 Illyrica'
2717 2316 2875 2377 quae

516 2405 682 2467 venit
726 2404 848 2466 iris
890 2403 1073 2466 humo
1121 2404 1480 2483 (Merkelius
1527 2403 1800 2483 aprica).
1844 2402 1965 2465 iris
1996 2401 2291 2482 Illy-rica,
2326 2400 2486 2482 quod
2518 2403 2651 2465 erat
2679 2418 2873 2482 genus

526 2507 656 2572 eius
726 2507 1214 2582 nobilissimum,
1282 2505 1567 2588 plurimis
1624 2506 1777 2571 locis
1843 2504 2362 2572 commemoratur
2419 2504 2494 2569 ab
2560 2503 2872 2585 antiquis:

514 2612 681 2676 Plin.
728 2612 808 2677 N.
856 2612 935 2673 Η.
983 2613 1134 2675 ΧΧΙ
1181 2612 1235 2673 7.
1289 2611 1424 2693 (19)
1470 2610 1585 2673 40:
1657 2609 2107 2674 laudatissima
2161 2611 2238 2673 in
2294 2609 2557 2690 Illyrico
2593 2659 2607 2672 .
2642 2654 2658 2670 .
2713 2627 2868 2686 pro·

514 2721 692 2779 xima
750 2715 823 2777 in
868 2713 1274 2778 Macedonia.
1337 2715 1418 2778 id.
1464 2713 1626 2777 XIII
1671 2713 1733 2779 2.
1788 2713 1877 2794 (2)
1934 2713 2030 2792 18,
2082 2715 2137 2777 1.
2188 2712 2278 2795 (2)
2332 2712 2442 2789 14,
2502 2712 2707 2776 Diosc.
2759 2711 2788 2773 Ι
2838 2711 2868 2773 1

521 2823 571 2901 (.
599 2873 613 2887 .
642 2811 843 2886 .”Εστι
889 2815 961 2882 δὲ
1003 2816 1272 2901 βελτίων
1315 2808 1353 2902 ἡ
1400 2809 1683 2902 ἶλλυρικῆ
1728 2815 1836 2881 καὶ
1878 2808 2311 2901 μακεδονική),
2363 2815 2667 2897 Theophr.
2717 2812 2868 2877 hist.

517 2926 603 3004 pl.
647 2923 739 2988 IV
782 2921 842 2985 5.
896 2924 950 2998 1,
998 2919 1158 2985 0613.
1197 2921 1251 2983 V
1303 2923 1398 2985 18.
1447 2921 1507 2998 3,
1554 2921 1771 3002 Veget.
1811 2920 1867 2984 V
1913 2920 1992 2984 31
2042 2939 2154 3001 sq„
2204 2920 2282 2983 al.
2333 2919 2493 3001 quod
2538 2917 2580 2981 h
2625 2916 2874 2980 exhibet

518 3025 745 3106 aprica
798 3026 996 3089 audax
1060 3031 1155 3087 est
1223 3024 1575 3088 coniectura
1642 3028 1778 3087 orta
1835 3042 1867 3086 e
1926 3024 2262 3105 depravata
2326 3022 2635 3104 scriptura
2701 3018 2875 3082 verbi

517 3128 794 3211 illyrica,
841 3146 997 3210 quae
1043 3131 1289 3232 recepta
1334 3147 1370 3191 a
1415 3126 1717 3190 Merkelio
1764 3126 2128 3209 quantocius
2181 3129 2276 3190 est
2328 3129 2500 3189 textu
2547 3123 2874 3188 movenda.

723 3259 796 3322 In
845 3277 899 3321 v.
952 3257 1030 3321 77
1081 3257 1199 3322 etsi
1268 3274 1389 3320 non
1456 3256 1683 3338 liquet,
1754 3258 1966 3319 utrum
2017 3255 2106 3318 M
2160 3255 2234 3318 de
2290 3257 2389 3320 vel
2433 3254 2522 3317 da
2566 3253 2870 3336 habuerit,

523 3364 738 3425 tamen
770 3361 927 3424 illud
960 3360 1092 3424 veri
1125 3359 1395 3425 similius
1441 3360 1538 3423 est
1568 3363 1818 3441 propter
1850 3358 2224 3440 scripturam
2258 3358 2489 3422 codicis
2520 3356 2608 3434 L:
2655 3376 2871 3422 36113113

518 3465 733 3545 utique
777 3464 852 3527 de
897 3464 1111 3546 exigit,
1162 3481 1233 3527 ac
1278 3462 1493 3528 futiles
1562 3462 1623 3527 et
1682 3481 2173 3544 supervacaneae
2243 3466 2392 3528 sunt
2459 3462 2868 3541 coniecturae,

521 3585 670 3647 quas
716 3565 837 3629 viri
868 3566 1034 3630 docti
1077 3565 1254 3630 libris
1287 3566 1640 3631 recentibus
1670 3569 1904 3629 temere
1936 3565 2310 3630 confidentes
2344 3566 2869 3647 excogitaverunt.

726 3693 798 3757 V.
846 3696 931 3759 80
986 3695 1279 3775 palmaris
1349 3701 1440 3759 est
1506 3696 1637 3759 sine
1697 3694 1882 3759 dubio
1946 3692 2240 3776 Scaligeri
2309 3694 2659 3757 coniectura
2717 3694 2870 3757 scri-

518 3799 721 3862 bentis
784 3797 984 3860 uncia
1027 3802 1221 3879 secta,
1280 3816 1418 3862 cum
1475 3796 1626 3861 libri
1685 3816 1831 3861 11133.
1878 3796 2006 3861 fere
2064 3815 2273 3860 omnes
2332 3814 2652 3878 perperam
2696 3813 2873 3876 prae-

520 3900 712 3966 beant
756 3902 952 3964 avicia
996 3905 1202 3978 seoeta,
1270 3920 1467 3982 neque
1527 3901 1728 3965 ullum
1777 3902 2058 3982 equidem
2104 3900 2279 3963 video
2339 3916 2588 3961 sensum
2649 3899 2871 3980 proba-

520 4007 746 4090 bilem,
813 4025 996 4087 quem
1061 4006 1159 4070 his
1221 4007 1424 4072 verbis
1469 4006 1668 4088 possis
1716 4006 1993 4069 subicere
2039 4007 2283 4067 servata
2346 4002 2616 4066 lectione
2676 4004 2872 4083 sexta,

522 4128 711 4191 quam
754 4110 1031 4192 plerique
1078 4109 1341 4190 amplexi
1387 4114 1534 4175 sunt
1580 4110 1880 4192 editores:
1927 4126 2071 4171 nam
2117 4109 2188 4170 ut
2233 4107 2357 4170 iam
2407 4105 2604 4170 Mario
2653 4103 2871 4169 creda-

523 4231 661 4276 mus
707 4212 903 4276 uncia
933 4216 1107 4275 sexta
1137 4213 1303 4276 idem
1340 4213 1545 4276 valere
1590 4230 1662 4276 66
1708 4210 2051 4290 semilibra,
2100 4210 2249 4292 quid
2281 4226 2503 4291 quaeso
2534 4208 2645 4272 illa
2675 4205 2872 4291 signi-

521 4313 703 4378 ficare
760 4316 1048 4396 putemus
1107 4313 1267 4395 quod
1321 4313 1519 4377 trahit
1574 4315 1646 4377 in
1700 4316 1913 4392 partes
1956 4312 2171 4376 duas?
2245 4312 2535 4394 exiguum
2582 4309 2872 4392 Alcyonii

523 4418 784 4498 ponduS,
818 4419 998 4500 quale
1030 4418 1341 4484 semuncia
1379 4421 1585 4501 (uncia
1631 4418 1801 4482 secta
1848 4416 1913 4480 in
1944 4416 2157 4497 partes
2190 4414 2367 4494 duas)
2403 4416 2515 4498 est,
2548 4413 2871 4495 sumptum
