3371 5070
812 736 1211 811 Indiculus
1257 759 1518 810 rerum
1568 742 1649 810 et
1692 738 2113 810 verborum
2159 736 2647 810 notabilium.

555 1027 684 1096 ‘age'
723 1027 916 1096 quibus
952 1026 1128 1080 verbis
1164 1026 1430 1081 adiectum
1469 1026 1545 1080 sit
1581 1027 1724 1095 apud
1765 1026 2013 1080 Ovidium
2051 1043 2097 1094 p·
2145 1031 2208 1079 66
2248 1029 2319 1094 (v.
2358 1030 2464 1095 51).

557 1114 855 1182 Alcyonum
891 1116 1109 1183 questus
1148 1129 1196 1181 p.
1235 1118 1320 1169 86.

553 1200 732 1255 ‘altus‘
769 1201 1032 1255 montium
1068 1200 1396 1255 attributum
1435 1200 1680 1269 frequens
1717 1199 1853 1267 apud
1894 1197 2145 1253 Ovidium
2182 1216 2233 1268 p.
2270 1204 2336 1253 62
2374 1202 2442 1268 (v.
2481 1204 2584 1266 30).

559 1302 760 1349 amores
795 1286 978 1339 venari
1011 1302 1062 1354 p.
1101 1290 1167 1338 60
1205 1287 1276 1355 (v.
1315 1287 1419 1352 27).
2599 1346 2602 1347 ⁷

558 1372 732 1426 anulis
769 1372 1018 1425 sinistrae
1055 1371 1394 1439 potissimum
1433 1387 1620 1424 manus
1658 1370 1823 1439 digiti
1862 1374 2121 1424 ornantur
2156 1388 2206 1440 p.
2245 1376 2309 1425 57
2348 1372 2420 1437 (v,
2460 1373 2566 1438 20).

560 1456 861 1526 aphronitri
897 1458 1135 1525 (spumae
1170 1456 1327 1521 nitri)
1366 1456 1447 1509 vis
1483 1455 1688 1510 medica
1723 1471 1773 1524 p.
1813 1460 1877 1509 78
1918 1456 2061 1521 (adn.
2098 1460 2205 1523 44).

555 1543 944 1598 attributorum
980 1544 1038 1596 in
1076 1543 1377 1596 hexametro
1415 1541 1678 1596 Ovidiano
1715 1541 1999 1609 dispositio
2037 1558 2087 1610 p.
2131 1547 2195 1596 56
2235 1545 2305 1609 (v.
2346 1546 2447 1607 17).

557 1647 685 1685 aura
720 1631 929 1685 dictum
964 1628 1030 1682 de
1063 1629 1364 1697 splendenti
1402 1628 1805 1696 pulchritudine
1840 1644 1889 1697 p.
1928 1634 1991 1681 51
2033 1645 2109 1698 sq.
2150 1633 2220 1696 (v.
2259 1636 2289 1682 2
2313 1669 2325 1683 .

762 1732 908 1780 aura,
948 1731 1073 1769 cura
1110 1719 1243 1779 (ora)
1284 1714 1691 1768 confunduntur
1726 1715 1781 1766 in
1819 1714 1877 1767 ll.
1914 1730 2041 1770 mss.
2080 1731 2131 1784 p.
2170 1721 2227 1768 51
2273 1731 2348 1784 sq.
2386 1718 2456 1782 (v.
2495 1721 2563 1779 2).

556 1819 707 1858 aures
751 1801 1024 1871 lapidibus
1060 1804 1306 1854 oneratae
1340 1816 1390 1868 p.
1428 1804 1494 1854 58
1535 1805 1605 1867 (v.
1643 1806 1749 1865 22).

760 1887 824 1941 de
859 1886 1207 1941 medicamine
1244 1886 1452 1940 aurium
1478 1886 1732 1955 poematii
1767 1902 1949 1940 versus
1975 1888 2138 1957 primi
2176 1887 2449 1942 duodecim
2476 1904 2525 1956 p.
2546 1891 2611 1940 29
2637 1886 2780 1955 (adn.
2801 1889 2907 1952 23).

554 1972 738 2045 ἀυτμή
775 1973 839 2027 de
873 1972 1152 2042 splendore
1191 1989 1236 2041 p.
1276 1977 1341 2025 52
1379 1978 1451 2039 (v.
1490 1973 1561 2040 2).

556 2061 867 2131 capillorum
901 2059 1139 2129 positum
1179 2061 1339 2127 atque
1375 2060 1623 2111 ornatum
1661 2074 1817 2127 saepe
1851 2060 2034 2127 tangit
2069 2056 2292 2112 Ovidius
2329 2076 2377 2129 p.
2414 2063 2499 2114 86.

557 2149 734 2201 ‘cavus
773 2145 1022 2215 (cavum)’
1062 2144 1125 2198 de
1157 2144 1418 2198 foramine
1456 2161 1507 2212 p.
1544 2147 1611 2197 68
1648 2148 1722 2210 (v.
1762 2146 1869 2211 61).

556 2234 707 2287 cento
742 2231 1082 2299 Vergilianus
1119 2229 1174 2282 in
1210 2228 1388 2284 codice
1426 2229 1773 2282 Riccardiano
1810 2246 1863 2297 p.
1906 2234 1970 2282 13
2009 2230 2082 2297 (n.
2125 2234 2227 2295 11).

555 2319 809 2374 ‘Cerealia
830 2316 1067 2382 semina‘,
1103 2331 1206 2369 non
1229 2314 1484 2369 ‘munera'
1505 2314 1641 2368 dicit
1675 2313 1915 2379 Ovidius,
1940 2314 2034 2368 ubi
2070 2316 2278 2385 proprie
2312 2315 2376 2369 de
2413 2316 2628 2370 serendo
2653 2331 2820 2370 sermo
2845 2315 2910 2369 fit

764 2419 814 2472 p.
846 2407 912 2455 52
949 2408 1020 2466 (v.
1048 2404 1121 2469 3).

558 2506 767 2545 cernere
802 2504 895 2559 pro
934 2488 1165 2543 cribrare
1201 2503 1251 2557 p.
1289 2492 1355 2542 67
1393 2502 1472 2556 sq.
1510 2487 1584 2555 (v.
1624 2491 1731 2553 62).

564 2592 802 2631 cerussae
837 2576 919 2629 vis
957 2574 1164 2630 medica
1199 2589 1247 2643 p.
1291 2577 1356 2627 78
1395 2573 1538 2640 (adn.
1574 2577 1680 2638 44).

558 2662 833 2731 consurgit
867 2677 1014 2715 amor
1048 2664 1104 2715 et
1139 2659 1344 2714 similia
1379 2675 1430 2729 p.
1471 2664 1538 2712 64
1573 2661 1644 2728 (v.
1682 2663 1790 2728 35).

557 2747 851 2809 contrieris,
889 2763 994 2801 non
1030 2746 1277 2801 contriris
1312 2762 1365 2816 p.
1406 2750 1473 2800 74
1509 2761 1587 2815 sq.
1624 2752 1697 2813 (v.
1735 2749 1836 2814 89).

559 2850 775 2903 corpora
812 2849 905 2903 pro
941 2833 1126 2903 granis
1161 2848 1214 2901 Ρ.
1252 2836 1317 2886 70
1354 2837 1423 2897 (v.
1461 2836 1568 2899 70).

561 2920 744 2973 ‘cubus
779 2920 1002 2972 murrae'
1038 2917 1167 2987 quid
1205 2918 1473 2986 significet
1509 2933 1560 2986 p.
1599 2922 1664 2970 73
1703 2933 1777 2985 sq.
1818 2921 1890 2984 (v.
1917 2921 2025 2983 88).

557 3021 766 3060 cumera
801 3022 855 3076 p.
895 3010 960 3058 68
997 3012 1062 3071 (v.
1100 3007 1209 3071 61).

558 3092 729 3145 dicere
764 3107 858 3161 pro
894 3107 1079 3145 canere
1116 3106 1165 3159 p.
1205 3094 1270 3143 48
1308 3093 1444 3144 extr.
1482 3106 1560 3159 sq.

557 3177 817 3247 ‘diripere’
855 3193 1010 3245 saepe
1042 3177 1182 3230 falso
1220 3179 1484 3230 mutatum
1524 3178 1580 3229 in
1616 3174 1890 3245 ‘deripere‘
1927 3192 1980 3244 p.
2019 3180 2083 3229 73
2121 3180 2191 3242 (v.
2230 3180 2336 3242 87).

560 3263 740 3318 ‘disce'
777 3280 881 3318 non
917 3262 1172 3332 coniungi
1210 3278 1362 3330 posse
1398 3262 1613 3316 videtur
1648 3276 1769 3315 cum
1803 3259 1934 3330 ‘age'
1972 3277 2018 3330 p.
2060 3266 2126 3314 66
2165 3263 2235 3328 (v.
2276 3264 2380 3329 51).

555 3349 783 3404 ‘discite'
821 3352 875 3403 in
913 3349 1086 3403 fronte
1123 3365 1368 3403 versuum
1406 3364 1458 3418 p.
1497 3353 1585 3403 84.

557 3435 754 3490 ‘etiam’
792 3434 1102 3503 saepissime
1136 3434 1292 3503 ponit
1327 3433 1550 3489 Ovidius
1585 3435 1756 3489 altero
1792 3450 1975 3489 versus
2012 3435 2126 3489 loco
2150 3437 2272 3504 post
2295 3435 2692 3490 antecedentem
2718 3453 2897 3492 vocem

763 3520 1180 3590 monosyllabam
1219 3536 1274 3589 p.
1309 3524 1395 3576 84.

556 3608 690 3673 ‘fac‘‚
726 3624 831 3662 nou
869 3606 1013 3660 ‘face'
1050 3607 1356 3661 constanter
1392 3606 1566 3661 dicere
1601 3606 1815 3661 videtur
1848 3605 2073 3663 Ovidius
2109 3623 2160 3677 p.
2198 3612 2263 3662 67
2302 3610 2372 3674 (v.
2409 3611 2518 3673 60).

558 3694 712 3748 faciei
748 3692 925 3747 cultus
959 3692 1227 3747 latissime
1263 3693 1484 3761 patebat
1521 3694 1661 3762 apud
1699 3696 1904 3748 veteres
1940 3709 1991 3762 p.
2028 3694 2093 3747 87
2134 3693 2276 3759 (adn.
2315 3694 2421 3762 46).

558 3777 691 3833 findi
727 3778 946 3847 (rumpi)
982 3777 1233 3832 dicuntur
1266 3794 1471 3847 angues
1504 3778 1758 3834 cantibus
1799 3780 2024 3849 magicis
2060 3795 2111 3848 p.
2150 3784 2219 3833 64
2254 3784 2325 3843 (v.
2364 3783 2470 3847 39).

557 3865 709 3932 focis,
745 3864 892 3918 focos
927 3864 1035 3918 fere
1069 3864 1267 3932 ubique
1305 3864 1533 3919 collocat
1566 3862 1794 3919 Ovidius
1830 3866 1887 3918 in
1922 3864 2029 3918 fine
2062 3864 2388 3934 pentametri
2424 3881 2474 3933 p.
2511 3867 2595 3919 85.

762 3949 897 4004 focis
933 3949 1069 4003 falso
1107 3966 1202 4019 pro
1238 3949 1356 4005 foco
1391 3950 1606 4004 illatum
1644 3967 1677 4003 a
1713 3950 1951 4005 librariis
1984 3965 2036 4018 p.
2074 3956 2141 4006 55
2178 3953 2251 4018 (v.
2292 3953 2393 4017 16).

558 4035 802 4092 forsitan.
836 4035 939 4090 loci
976 4034 1255 4102 Ovidiani,
1291 4036 1486 4105 quibus
1522 4037 1736 4106 legitur,
1773 4037 2154 4089 enumerantur
2187 4050 2237 4103 p.
2275 4039 2343 4090 54
2378 4049 2457 4104 sq.
2495 4039 2568 4102 (v.
2608 4038 2709 4101 12).

560 4124 707 4176 fucos
743 4121 827 4176 vel
863 4121 1141 4192 pigmenta
1175 4138 1284 4176 nou
1318 4125 1520 4176 tractat
1556 4121 1780 4177 Ovidius
1815 4123 1871 4175 in
1911 4120 2009 4179 lib.
2045 4121 2108 4175 de
2142 4121 2278 4175 med.
2312 4121 2416 4177 fac.
2454 4140 2507 4193 p.
2544 4126 2610 4176 78
2646 4122 2785 4193 (adn.
2806 4127 2913 4189 44),

771 4207 841 4261 cf.
877 4223 927 4276 p.
964 4212 1031 4261 48
1069 4207 1213 4275 (adn.
1251 4211 1359 4277 30).

559 4292 841 4348 herbarum
879 4293 1022 4347 vires
1060 4309 1213 4363 saepe
1249 4294 1435 4363 tangit
1471 4292 1697 4348 Ovidius
1733 4310 1784 4363 p.
1822 4297 1907 4347 81.

558 4378 718 4434 ‘ille’z
755 4379 1075 4448 quicumque
1099 4406 1123 4421 ·
1148 4407 1172 4420 -
1208 4380 1319 4446 ille,
1358 4380 1452 4449 qui
1475 4408 1500 4420 ·
1523 4407 1547 4420 ·
1582 4379 1695 4446 ille,
1732 4379 1780 4433 si
1816 4379 1939 4449 quis
1962 4409 1983 4419 -
2008 4409 2028 4418 -
2066 4378 2160 4434 ille
2194 4395 2245 4449 p.
2282 4384 2348 4433 69
2385 4380 2456 4448 (v.
2497 4381 2604 4450 68).

763 4465 855 4518 ille
891 4467 946 4517 et
982 4465 1115 4533 ipse,
1148 4464 1247 4519 illa
1282 4468 1337 4519 et
1359 4465 1478 4534 ipsa
1499 4466 1601 4519 etc.
1623 4480 1776 4534 saepe
1798 4463 2200 4519 confunduntur
2224 4482 2256 4520 a
2280 4464 2520 4522 librariis
2547 4482 2598 4536 p.
2624 4470 2691 4520 69
2717 4470 2788 4534 (v.
2810 4469 2919 4536 68).
