3371 5070
1454 425 1879 489 „57—

571 609 718 673 Non
762 613 899 674 erat
942 609 1133 674 huius
1179 612 1288 694 (sc.
1321 610 1645 693 Callistus)
1698 630 1869 692 opus,
1918 612 2142 677 lanam
2186 613 2430 679 mollire
2476 613 2799 699 trahenda,

654 713 784 777 Nec
818 713 1097 794 positu
1141 714 1469 778 variare
1513 733 1719 778 comas

484 846 547 907 et
613 844 756 907 Am.
811 842 907 907 ΠΙ
977 843 1030 906 1.
1103 843 1171 906 7:
1250 842 1430 906 Venit
1497 843 1866 907 odoratos
1928 842 2191 925 Eleyeia
2267 864 2434 908 newa
2500 846 2847 926 capillos

486 947 594 1031 (cf.
621 948 793 1012 Fast.
827 947 888 1009 Π
933 947 1105 1027 309).
1151 947 1383 1010 etenim
1430 948 1822 1012 scribendum
1870 951 1997 1013 est:
2061 947 2268 1011 Vultis
2312 949 2596 1012 odoratos
2628 949 2846 1030 positu

479 1051 735 1114 variare
780 1049 1062 1130 capillos.
1111 1053 1271 1130 quod
1317 1051 1380 1113 in
1425 1050 1507 1113 M
1511 1048 1673 1132 C'(L)
1728 1051 1959 1133 legitur
1994 1051 2228 1130 positos
2281 1069 2390 1133 pro
2424 1052 2676 1135 positu,
2737 1072 2845 1134 pe-

485 1154 737 1219 culiaris
796 1159 889 1217 est
948 1171 1115 1216 error
1161 1156 1332 1217 ortus
1381 1172 1450 1217 ex
1497 1155 1886 1218 antecedenti
1931 1153 2239 1218 odoratos.

690 1275 764 1338 V.
813 1273 897 1337 20
943 1273 1274 1356 singularIS
1319 1275 1726 1354 conspicuam
1769 1295 2062 1352 manum,
2111 1274 2484 1356 optimorum
2532 1276 2836 1339 librorum

481 1377 600 1442 fide
646 1377 943 1451 munitus
993 1377 1206 1457 utique
1250 1377 1633 1457 reponendus
1679 1396 1810 1441 esse
1858 1377 2124 1442 videtur.
2201 1377 2637 1458 significantur
2682 1377 2846 1441 enim

481 1482 664 1545 verbo
710 1480 976 1564 gemmis
1031 1479 1219 1543 anuli
1272 1484 1571 1562 yemmati
1634 1480 1793 1564 (Liv.
1841 1481 1874 1543 I
1946 1481 2041 1548 11.
2105 1482 2199 1556 8),
2269 1481 2489 1562 quibus
2558 1481 2847 1546 sinistrae

481 1587 874 1667 potissimum
907 1602 1128 1647 manus
1161 1584 1390 1666 digitos
1425 1584 1488 1646 in
1525 1584 1740 1664 primis
1768 1603 1927 1660 eum,
1976 1584 2088 1664 qui
2116 1585 2379 1646 minimo
2409 1588 2496 1647 est
2513 1585 2851 1664 proximus

484 1687 670 1770 (Gen.
706 1687 786 1752 N.
820 1687 895 1750 A.
929 1686 986 1750 X
1023 1687 1155 1764 10),
1203 1690 1448 1750 ornatos
1495 1685 1687 1751 fuisse
1733 1692 1796 1751 et
1843 1686 2070 1751 statuis
2120 1693 2183 1751 et
2230 1686 2584 1751 litterarum
2628 1704 2849 1753 monu-

481 1791 712 1854 mentis
759 1791 1226 1870 comprobatum
1273 1791 1366 1853 est
1415 1789 1512 1870 (cf.
1555 1789 1714 1856 Rein
1764 1790 1828 1853 in
1870 1790 2096 1872 Paulyi
2143 1792 2291 1856 Enc.
2323 1791 2385 1853 Ι2
2426 1812 2473 1856 S.
2513 1813 2569 1857 v.
2608 1792 2846 1864 anulus,

480 1892 936 1970 Becker-Rein,
985 1889 1204 1955 Gallus
1252 1889 1376 1956 111³
1441 1893 1563 1956 175
1610 1893 1789 1975 sqq).
1836 1910 1945 1974 pro
2004 1893 2221 1958 multis
2284 1895 2401 1958 hoc
2460 1895 2849 1976 adscripsisse

483 1996 755 2060 sufficiat
830 1994 1255 2059 testimonium
1341 1995 1612 2060 auctoris
1689 1997 1755 2058 in
1833 1996 1928 2059 his
2002 1996 2186 2061 rebus
2261 1996 2618 2078 gravissimi
2706 1997 2850 2061 Atei

483 2099 800 2181 Capitonis
848 2100 1149 2174 (Macrob.
1198 2097 1328 2162 Sat.
1358 2099 1503 2163 VII.
1555 2098 1729 2165 XIII.
1769 2097 1909 2181 13):
1962 2104 2223 2182 „veteres
2266 2120 2395 2164 non
2440 2105 2705 2164 ornatus
2748 2101 2852 2165 sed

482 2201 785 2286 siynaneli
829 2221 1022 2264 eausa
1065 2202 1338 2265 anulum
1382 2220 1584 2264 secum
1629 2202 2232 2283 circumferebant..
2265 2250 2276 2262 .
2321 2204 2851 2284 imprimebantur

485 2310 694 2369 autem
738 2304 1067 2384 sculptura
1111 2305 1414 2368 materiae
1459 2304 1648 2368 anuli
1698 2325 1803 2368 seu
1846 2326 1922 2369 ea:
1987 2305 2156 2386 ferro
2202 2326 2307 2370 seu
2352 2328 2436 2371 eae
2473 2328 2632 2371 auro
2674 2308 2848 2390 foret,

482 2414 538 2473 et
582 2409 942 2491 qestabatur
985 2413 1055 2471 ut
1101 2409 1362 2488 quisque
1406 2408 1599 2489 vellet,
1648 2428 2036 2490 quacumque
2081 2431 2284 2475 manu
2329 2411 2597 2491 quolibet
2631 2411 2847 2493 (licito,

473 2517 695 2595 postea
727 2531 878 2577 usus
924 2512 1320 2577 luecuriantis
1364 2512 1591 2576 aetatis
1635 2513 2004 2594 siynaturas
2035 2513 2335 2594 pretiosis
2364 2513 2621 2590 yemmis
2654 2515 2852 2595 coepit

483 2616 867 2712 insculpere,
941 2620 996 2679 et
1068 2615 1351 2679 certatim
1425 2615 1573 2678 haec
1649 2616 1856 2679 omnis
1930 2616 2203 2679 imitatio
2276 2617 2585 2680 lacessivit
2648 2622 2720 2680 ut
2776 2618 2849 2683 ele

483 2723 812 2803 auymento
845 2719 1074 2799 pretii,
1120 2738 1236 2798 quo
1280 2717 1646 2798 sculpendos
1692 2717 1937 2798 lapieles
1971 2723 2343 2799 parassent,
2402 2719 2848 2797 yloriarentur.

482 2822 630 2886 hinc
671 2821 913 2902 factum
969 2826 1084 2904 est,
1152 2825 1221 2885 ut
1288 2840 1473 2884 usus
1540 2822 1966 2884 anulorum
2038 2825 2431 2900 exemptus
2497 2821 2849 2899 dextrae,

482 2947 680 3008 quae
746 2927 1070 2990 multum
1144 2925 1640 3006 neyotiorum
1712 2924 1955 3006 yerit,
2031 2924 2116 2987 in
2184 2925 2487 2987 laevam
2553 2928 2855 3007 relega-

483 3035 736 3106 retur,
805 3049 1000 3109 quae
1068 3028 1398 3091 otiosior
1471 3031 1608 3097 est.
1681 3048 1769 3090 ne
1822 3025 2087 3089 crebro
2145 3030 2347 3089 motu
2410 3046 2498 3089 ex
2559 3025 2850 3110 officio

483 3152 758 3197 manus
808 3133 1181 3196 dexterae
1223 3131 1570 3213 pretiosi
1626 3130 1945 3211 lapides
1985 3131 2633 3212 franyerentur.“
2698 3133 2851 3196 adde

485 3237 749 3301 Tertull.
784 3229 879 3299 de*
905 3255 954 3300 c.
989 3236 1136 3299 fem.
1183 3236 1216 3299 Ι
1261 3236 1301 3300 9
1348 3235 1531 3298 extr.:
1574 3232 1843 3318 ‚qraciles
1886 3233 2147 3296 aurium
2192 3237 2358 3295 cutes
2400 3232 2854 3298 kalendarium

486 3339 862 3423 expendunt,
909 3343 963 3401 et
1007 3337 1275 3401 sinistra
1294 3355 1417 3417 per
1449 3335 1733 3417 sinyulos
1776 3335 2004 3417 eliyitos
2048 3335 2122 3398 de
2152 3336 2349 3399 saccis
2384 3336 2657 3419 sinyule‘s
2690 3336 2852 3400 ludit

493 3444 557 3524 (i.
605 3462 654 3506 e.
701 3442 921 3507 irridet
968 3444 1030 3506 et
1076 3441 1418 3506 contemnit
1466 3456 1670 3504 saccos
1720 3442 2165 3522 nummorum).
2226 3440 2382 3504 adde
2430 3441 2591 3522 quod
2640 3443 2853 3525 singu-

485 3546 684 3610 larem
740 3564 1069 3609 numerum
1108 3544 1515 3623 ‚conspicuam
1703 3537 1966 3606 manum
2013 3543 2358 3624 singulares
2405 3543 2513 3625 qui
2559 3545 2851 3608 secuntur

489 3649 658 3726 collo,
692 3669 845 3712 aure
874 3651 962 3713 ita
1009 3647 1465 3724 commendant,
1497 3647 1568 3710 ut
1596 3645 1905 3728 pluralem
1949 3647 2367 3711 molestiorem
2414 3646 2561 3711 facit
2608 3647 2846 3728 sibilus,

486 3771 604 3835 quo
650 3752 776 3816 iam
823 3751 1060 3817 Marius
1105 3750 1302 3831 Niger
1349 3750 1614 3814 offensus
1661 3751 1773 3813 est.

690 3873 969 3939 Pluralis
1040 3872 1232 3937 etiam
1300 3891 1337 3936 a
1381 3871 1683 3936 Merkelio
1753 3871 2053 3953 probatus
2123 3869 2255 3933 sine
2322 3868 2508 3933 dubio
2566 3886 2602 3931 a
2667 3869 2846 3933 docto

491 3978 696 4059 aliquo
741 3996 886 4041 suae
932 3975 1157 4041 aetatis
1203 3993 1405 4038 mores
1453 3976 1765 4057 spectanti
1814 3975 2029 4039 illatus
2077 3975 2191 4037 est.

691 4098 763 4162 In
817 4117 877 4161 v.
923 4096 1002 4161 21
1075 4114 1251 4177 cum,
1323 4099 1485 4181 quod
1554 4094 1789 4159 codices
1857 4094 2077 4175 optimi
2147 4092 2479 4175 praebent,
2548 4091 2845 4156 stridente

493 4201 803 4284 (tridente)
860 4201 934 4264 ut
996 4200 1246 4282 apertus
1309 4216 1477 4262 error
1534 4199 1971 4282 cognoscatur,
2016 4197 2180 4261 unde
2226 4197 2567 4279 genuinum
2614 4193 2845 4257 oriente

490 4304 662 4369 facili
716 4305 964 4386 negotio
1021 4302 1217 4385 possis
1275 4320 1518 4380 eruere,
1576 4302 1856 4367 fallacior
1914 4304 2011 4365 est
2059 4302 2307 4367 varians
2361 4297 2547 4363 lectio
2582 4300 2848 4377 paratos

492 4407 773 4472 codicum
822 4404 976 4492 GN,
1031 4404 1312 4483 Mentel.,
1372 4423 1557 4486 quam
1614 4405 1682 4469 in
1725 4407 1900 4469 textu
1944 4405 2235 4486 posuerat
2279 4402 2598 4467 Heinsius.
