3371 5070
1431 427 1857 490 ..77—

673 613 824 679 Inde
870 613 1175 696 equidem,
1225 614 1339 679 etsi
1386 615 1450 678 hi
1498 634 1709 680 versus
1740 616 1953 698 paullo
1983 616 2227 699 longius
2259 616 2514 692 distant,
2549 616 2821 700 logicum

470 717 799 802 petiverim
870 717 1219 783 subiectum
1288 719 1366 782 ad
1434 736 1570 783 eam
1627 717 1806 782 verbi
1873 737 1996 782 esse
2039 719 2306 784 formam
2366 741 2424 787 V.
2471 721 2572 793 97,
2635 739 2821 802 quam

471 821 692 904 optimi
722 820 959 885 codices
1006 822 1319 886 exhibent:
1367 822 1448 885 sit
1481 820 1729 901 (illita).
1777 821 1942 902 quod
1974 826 2181 886 autem
2214 823 2509 888 Heinsius
2541 824 2603 886 in
2632 824 2824 888 tertia

468 943 727 1007 persona
783 925 897 989 hoc
950 924 1083 988 loco
1143 924 1429 1004 offendit,
1501 926 1650 1008 quia
1696 942 1798 988 vv.
1847 925 1929 990 69
1975 930 2035 990 et
2081 928 2163 993 73
2231 931 2333 1005 tu,
2401 927 2512 990 tibi
2571 928 2821 1010 legitur,

473 1030 586 1094 hae
631 1046 925 1110 personae
972 1027 1273 1093 secundae
1321 1049 1441 1095 non
1486 1030 1577 1096 ita
1631 1033 2005 1114 premendae
2066 1034 2242 1115 sunt3
2318 1033 2486 1096 istud
2542 1035 2647 1113 tu,
2709 1030 2825 1092 tibi

474 1135 637 1197 enim
682 1134 747 1197 in
793 1131 1133 1215 praeceptis
1179 1133 1362 1215 plane
1408 1133 1475 1198 in
1519 1135 1885 1199 universum
1933 1135 2167 1199 dictum
2216 1138 2329 1198 est.
2379 1134 2594 1215 quodsi
2635 1136 2698 1197 in
2742 1134 2822 1197 iis

475 1254 630 1319 quae
676 1237 972 1301 secuntur
1020 1255 1050 1298 e
1098 1235 1303 1300 codice
1348 1237 1428 1313 R,
1479 1240 1584 1319 qui
1630 1238 1824 1303 etiam
1868 1257 2058 1319 supra
2087 1238 2240 1303 illud
2276 1237 2488 1318 placet
2540 1255 2649 1318 pro
2669 1235 2822 1316 pla-

477 1342 612 1403 ceut
657 1338 739 1421 (v.
784 1338 897 1421 44)
946 1343 1008 1403 et
1052 1340 1275 1403 cubum
1331 1358 1436 1422 pro
1485 1340 1689 1404 eibum
1741 1342 1821 1422 (v.
1872 1342 1979 1422 88)
2032 1340 2338 1414 servavit,
2406 1340 2587 1404 molli
2647 1358 2823 1421 repo-

474 1441 703 1525 sueris,
778 1461 916 1506 cum
988 1441 1215 1507 GLM
1267 1444 1392 1507 levi
1459 1461 1661 1508 errore
1730 1443 1938 1510 mollis
2006 1443 2369 1522 exhibeant,
2436 1443 2563 1508 iam
2621 1442 2830 1506 omnia

475 1545 707 1628 optime
752 1565 814 1610 se
859 1546 1205 1612 habebunt:
1277 1547 1542 1629 (eadem)
1606 1547 1902 1627 Tempore
1956 1548 2039 1611 sit
2095 1568 2163 1627 p.
2211 1547 2389 1611 molli
2446 1546 2586 1611 licet
2643 1545 2817 1610 illita

474 1648 681 1713 vultu.
709 1701 723 1713 .
752 1700 766 1714 .
826 1652 984 1731 quod
1028 1651 1238 1713 vultus
1281 1651 1489 1716 mollis
1533 1655 1804 1729 vocatur,
1871 1652 2231 1734 priusquam
2275 1651 2683 1715 medicamine
2731 1654 2826 1714 est

476 1751 859 1829 emendatUS‚
907 1753 984 1817 cf.
1030 1773 1087 1816 v.
1141 1754 1294 1818 100:
1339 1755 1596 1821 teneris,
1624 1806 1638 1820 .
1667 1804 1681 1819 .
1738 1755 1939 1831 yemis.

683 1880 757 1944 V.
807 1883 888 1945 98
935 1882 1139 1946 nescio
1188 1901 1304 1964 quo
1350 1887 1530 1963 pacto
1576 1883 1843 1947 editores
1889 1883 2157 1947 scribere
2202 1883 2520 1964 potuerint
2564 1881 2818 1963 multus,

480 2004 618 2050 cum
665 1984 815 2048 libri
861 2004 1008 2050 mss
1057 1985 1335 2068 plerique
1381 1988 1766 2052 consentiant
1809 1987 1874 2051 in
1921 1988 2232 2068 scriptura
2276 1986 2513 2051 nullus,

679 2115 931 2179 Etenim
976 2117 1048 2178 ut
1105 2117 1232 2180 iam
1276 2116 1690 2180 difficiliorem
1753 2116 2228 2196 explicationem
2296 2115 2516 2179 habeat
2577 2114 2815 2190 nullus,

478 2218 543 2284 at
572 2218 874 2283 adiectivo
907 2219 1144 2283 multus
1164 2219 1373 2299 ipsum
1395 2219 1665 2283 haerebit
1699 2221 1955 2283 verbum
1985 2219 2310 2303 repugnat.
2358 2236 2429 2282 ac
2460 2217 2512 2280 si
2545 2216 2730 2281 rebus
2761 2217 2825 2280 in

479 2324 759 2387 versibus
829 2323 1333 2387 antecedentibus
1390 2323 1835 2387 commendatis
1900 2323 2058 2387 color
2107 2325 2170 2386 in
2229 2322 2409 2385 vultu
2457 2320 2830 2398 efficeretur,

482 2426 645 2488 certe
689 2423 871 2489 aliter
915 2425 1156 2488 locutus
1205 2428 1369 2489 esset
1412 2430 1613 2506 poeta.
1661 2425 1801 2507 sed,
1857 2425 2016 2508 quod
2061 2424 2322 2488 maximi
2370 2429 2465 2487 est
2509 2423 2830 2504 momenti,

482 2529 627 2593 illae
658 2528 917 2594 colorem
951 2548 1096 2593 non
1129 2528 1426 2612 efficiunt,
1461 2529 1690 2593 nedum
1736 2531 2072 2595 multum
2120 2528 2418 2593 colorem:
2469 2527 2616 2608 TuS,
2664 2525 2825 2609 quod

481 2631 643 2695 rodit
691 2632 877 2716 (0616.
926 2632 982 2694 V
1027 2634 1090 2714 6)
1165 2638 1228 2696 et
1294 2635 1518 2716 purgat
1570 2634 1649 2712 (V
1694 2634 1783 2714 5),
1850 2634 2074 2698 faciem
2133 2635 2437 2698 sinceram
2482 2631 2685 2695 reddit
2731 2648 2829 2693 se-

483 2736 751 2798 cundum
795 2734 1071 2800 Plinium
1131 2735 1238 2819 (N.
1299 2737 1379 2799 H.
1440 2737 1601 2802 XIII
1658 2737 1758 2800 22.
1834 2737 1965 2818 (43)
2026 2737 2143 2801 126
2196 2735 2295 2817 (cf.
2359 2734 2563 2798 Diosc.
2628 2734 2658 2795 I
2717 2734 2829 2796 81:

483 2831 747 2902 δύναται
792 2827 1271 2925 ἀποκαθαίρειν
1313 2835 1395 2904 τὰ
1450 2838 1927 2905 ἐπισκοτοῦντα
1982 2842 2124 2915 ταῖς
2179 2832 2441 2922 κόραις).
2534 2838 2693 2918 quod
2751 2836 2830 2900 ad

481 2943 723 3005 nitrum
769 2946 831 3007 et
874 2943 973 3007 sal
1018 2945 1483 3008 ammoniacum
1530 2945 1782 3018 attinet,
1819 2944 2093 3009 conferas
2137 2944 2301 3007 Plin.
2334 2941 2547 3005 XXXI
2592 2943 2652 3006 9.
2691 2940 2824 3021 (45)

486 3046 637 3110 105:
705 3047 1075 3127 quicumque
1131 3048 1229 3111 sal
1289 3047 1649 3129 zmeymatis
1694 3047 1957 3110 additur
2001 3047 2085 3108 ad
2131 3044 2592 3108 extenuandam
2636 3047 2832 3106 cutem

483 3150 956 3233 levandamque.
1025 3172 1245 3214 murra
1313 3152 1476 3215 rodit
1535 3153 1874 3215 secundum
1941 3149 2185 3214 Celsum
2244 3149 2285 3211 1.
2346 3167 2394 3212 6.
2453 3147 2572 3210 mel
2638 3150 2835 3209 eutem

474 3259 784 3337 puryat..
846 3275 985 3318 eum
1029 3256 1217 3331 uitro,
1267 3254 1423 3319 Cels.
1473 3255 1527 3316 V
1578 3254 1672 3317 16.
1719 3253 2024 3335 foeniculi
2080 3271 2283 3314 semera
2331 3253 2393 3315 et
2438 3268 2585 3312 rosa
2641 3250 2835 3330 repri-

486 3359 665 3421 munt
689 3360 750 3421 et
772 3359 1137 3440 refrigerant
1168 3358 1267 3439 (cf.
1289 3357 1447 3422 Cels,
1483 3360 1544 3422 H
1575 3359 1677 3423 33.
1718 3358 1802 3440 1),
1837 3360 1996 3421 unde
2029 3358 2180 3419 haec
2211 3354 2393 3436 vulgo
2426 3353 2838 3417 adhibebatur

488 3463 703 3524 contra
761 3462 1275 3526 inflammationes
1349 3462 1576 3543 (Diosc.
1627 3461 1658 3523 I
1723 3461 1860 3536 130,
1918 3459 2083 3522 Plin.
2132 3457 2280 3520 XXI
2331 3457 2427 3521 19.
2483 3456 2614 3536 (73)
2672 3455 2835 3532 123).

486 3565 699 3629 hordei
745 3584 976 3627 cremor
1026 3564 1191 3629 idem
1238 3564 1360 3628 fere
1405 3567 1500 3628 est
1544 3583 1614 3627 ac
1656 3560 2062 3644 Hippocratis
2108 3553 2297 3639 χυλὸς
2339 3559 2454 3644 τῆς
2499 3551 2836 3642 πτισάνης,

489 3669 561 3731 (16
619 3687 737 3749 quo
793 3669 902 3731 ille
972 3668 1125 3732 dicit
1185 3670 1274 3732 De
1340 3666 1574 3731 morbis
1642 3667 1794 3729 mul.
1839 3665 1900 3728 Π
1966 3684 2025 3746 p.
2072 3664 2197 3728 595
2272 3662 2535 3744 (Lind.)‚
2604 3679 2664 3741 p.
2713 3660 2837 3724 853

489 3772 766 3858 (Kfihn):
826 3766 1190 3855 ...ὁμοίως
1245 3763 1597 3856 λαμπρύνει
1656 3775 1760 3842 (sc.
1808 3760 1883 3831 τὸ
1954 3759 2334 3851 πρόσωπον)
2407 3764 2449 3826 1.
2498 3783 2545 3826 e.
2595 3766 2838 3844 pumat

486 3879 577 3942 vel
623 3877 942 3940 emundat.

693 4000 849 4079 Quid
897 4000 1090 4082 igitur
1134 3998 1460 4061 multum
1509 3996 1768 4059 colorem
1816 3990 2077 4072 efficiat,
2122 4006 2313 4072 parvo
2377 3986 2524 4050 licet
2566 3988 2837 4065 tempore

490 4106 573 4168 sit
631 4103 1023 4186 impositum,
1071 4100 1355 4182 equidem
1389 4117 1510 4162 non
1537 4097 1731 4162 video.
1780 4095 1971 4158 immo
2002 4095 2203 4174 poeta,
2240 4108 2376 4154 cum
2414 4109 2469 4153 v.
2501 4087 2585 4150 52
2617 4087 2837 4151 dixerit

491 4227 554 4272 se
601 4208 977 4270 traditurum
1023 4223 1173 4280 esse,
1222 4221 1338 4284 quo
1385 4202 1566 4266 modo
1614 4219 1797 4264 mane
1848 4217 1954 4262 ora
1999 4195 2262 4260 candida
2324 4189 2562 4274 possint
2620 4191 2837 4265 nitere,

491 4312 943 4376 medicamenta
998 4307 1247 4374 omnino
1294 4307 1414 4369 huc
1471 4306 1850 4388 pertinentia
1909 4299 2174 4384 exponit.
2245 4296 2468 4379 quibus
2537 4313 2675 4358 cum
2738 4311 2841 4356 ora

493 4413 768 4478 eandida
813 4414 982 4478 facta
1028 4412 1288 4488 fuerint,
1362 4410 1527 4474 color
1580 4408 1713 4491 ipse
1774 4407 1912 4471 fuco
1959 4405 2093 4469 sine
2138 4402 2323 4467 dubio
2369 4400 2446 4465 iis
2497 4399 2613 4464 erit
2658 4395 2840 4461 indu-
