3371 5070
1500 487 1885 550 ..2-

513 665 814 733 faciamus
860 668 1087 751 quidve
1119 670 1451 750 lucremur,
1498 675 1716 756 quales
1763 677 1913 740 sunt
1948 695 2091 760 „sex
2135 678 2361 759 scripti
2399 680 2698 760 praebent
2744 684 2872 758 hoe,

509 767 632 832 dno
678 768 910 848 illud&
958 771 1060 836 vel
1085 771 1439 858 „Giofanns
1481 775 1596 840 dat
1641 797 1721 840 ex
1763 777 1899 842 suis
1927 777 2054 855 hoc,
2092 779 2359 844 Marias
2392 781 2471 845 N
2467 782 2597 863 iyer
2639 782 2870 858 illud&

512 872 612 936 vel
651 890 894 950 „omnes
924 894 1075 955 quos
1103 877 1272 941 vidi“
1294 927 1308 943 .
1338 929 1393 943 ..
1440 879 1683 962 aliaque
1717 881 1782 945 id
1811 900 2008 964 genus
2038 885 2370 966 permulta,
2406 903 2547 949 cum
2578 890 2653 950 de
2682 885 2873 950 libro-

510 995 650 1040 rum
695 977 950 1042 illorum
995 981 1220 1045 natura
1263 986 1448 1064 atque
1490 983 1730 1059 indole,
1778 987 1852 1050 de
1898 987 2103 1050 aetate
2150 988 2310 1052 nihil
2357 987 2483 1052 fere
2529 988 2872 1072 comperia-

510 1079 697 1144 mus?
761 1099 905 1145 nam
950 1082 1100 1164 quid
1145 1084 1220 1148 de
1275 1084 1405 1149 illis
1455 1085 1649 1166 „liber
1702 1088 2171 1170 vetustissimae,
2242 1091 2577 1170 optimas“,
2646 1093 2872 1176 quibus

506 1181 622 1247 illa
687 1183 896 1248 aetate
940 1186 1058 1251 viri
1104 1186 1275 1251 docti
1318 1187 1487 1252 haud
1531 1207 1715 1270 parce
1746 1190 2100 1270 utebantur,
2147 1193 2231 1257 sit
2260 1193 2683 1274 iudicandum,
2733 1198 2870 1279 quis

505 1284 738 1367 estqui
782 1287 1062 1354 nesciat?
1105 1308 1302 1371 neque
1348 1294 1558 1356 tamen
1601 1291 1685 1371 id,
1720 1293 1883 1374 quod
1930 1296 2099 1358 aetas
2147 1295 2262 1359 illa
2307 1295 2563 1380 ferebat,
2611 1299 2872 1364 Heinsio

509 1387 662 1452 vitio
707 1390 1079 1455 vertendum
1124 1411 1255 1457 esse
1300 1395 1532 1460 statue.

711 1509 1000 1575 Alterum
1031 1531 1195 1588 vero,
1222 1514 1383 1596 quod
1415 1515 1614 1580 eidem
1646 1518 1836 1599 vulgo
1867 1518 2021 1583 vitio
2053 1519 2336 1598 vertitur,
2365 1521 2647 1603 quodque
2673 1522 2867 1586 diser·-

508 1612 784 1677 tissimus
816 1631 887 1678 ac
908 1614 1286 1682 fortissimus
1310 1618 1556 1683 Heinsii
1587 1620 1869 1685 defensor
1894 1621 2231 1686 Merkelius
2258 1623 2360 1704 (cf.
2388 1625 2535 1689 edit.
2560 1624 2867 1689 Tristium

505 1733 560 1779 a.
614 1717 778 1781 1837
822 1717 1094 1786 Reimer.
1140 1721 1328 1802 praef.
1374 1741 1431 1805 p.
1476 1722 1536 1786 X
1586 1724 1746 1805 sqq.)
1797 1724 2194 1808 neglegentia
2252 1726 2716 1793 Burmanniana
2760 1730 2868 1794 ob-

504 1820 682 1885 tenta
726 1840 849 1887 non
879 1822 1049 1888 omni
1094 1844 1167 1889 ex
1210 1829 1385 1908 parte
1415 1826 1667 1892 diluisse
1697 1827 1963 1904 videtur,
2011 1828 2128 1893 hoc
2166 1830 2281 1907 est,
2329 1829 2493 1912 quod
2524 1831 2621 1894 vir
2651 1830 2868 1898 doctus

501 1922 610 1986 ille
654 1942 875 2004 pamm
906 1933 1195 1994 accurate
1225 1948 1374 1996 usus
1421 1932 1519 1995 est
1561 1931 1741 1995 libris
1775 1950 1969 1997 manu
2002 1933 2273 2014 scriptis
2320 1951 2469 2014 quos
2514 1934 2868 2000 innumeros

500 2043 692 2106 paene
737 2029 1023 2095 adhibuit
1070 2070 1142 2081 —
1193 2034 1346 2115 quid
1391 2035 1626 2099 mirum
1671 2035 1737 2099 in
1779 2036 1959 2100 tanta
1987 2018 2255 2099 ”illorum
2302 2035 2520 2118 copia?
2565 2056 2643 2100 en
2686 2039 2865 2103 lucu-

499 2128 743 2195 lentum
788 2136 1160 2220 exemplum.
1208 2136 1274 2201 in
1305 2137 1705 2204 adnotatione
1752 2137 2216 2204 commentariis
2251 2138 2456 2203 libelli
2487 2138 2562 2203 de
2594 2141 2866 2206 medica-

498 2234 666 2298 mine
710 2233 891 2301 faciei
935 2240 1274 2322 praemissa
1317 2241 1631 2321 Heinsius,
1688 2261 1873 2325 quem
1922 2243 2001 2307 ad
2045 2242 2164 2306 hoc
2210 2243 2579 2326 opusculum
2625 2249 2867 2326 praeter

499 2337 686 2402 Marii
734 2340 796 2404 et
839 2339 1077 2406 Giofani
1121 2342 1363 2408 codices
1408 2345 1639 2421 passim
1684 2346 2036 2410 nominatos
2083 2346 2223 2426 plus
2273 2346 2628 2426 quindecim
2672 2347 2865 2413 libros

500 2441 857 2508 adhibuisse
887 2445 1156 2510 ‚Iahnius
1189 2449 1576 2528 computavit
1612 2448 1684 2529 (t.
1712 2449 1799 2514 ΙΙ.
1836 2447 2024 2530 praef.
2049 2467 2109 2529 p.
2136 2447 2305 2527 XX),
2341 2447 2416 2511 de
2459 2449 2864 2530 inscriptione

499 2544 654 2609 haec
697 2549 872 2612 dicit:
926 2548 1064 2634 „De
1090 2551 1503 2631 inscriptione
1535 2572 1665 2615 non
1696 2554 1854 2615 satis
1898 2555 2155 2616 constat.
2189 2571 2349 2631 qaae
2378 2551 2563 2633 valyo
2590 2554 2861 2617 ciream·

496 2649 720 2728 fertur,
782 2670 857 2713 ex
916 2650 1129 2715 Ovidii
1193 2672 1373 2717 versa
1443 2654 1612 2731 (Art.
1657 2675 1784 2717 am.
1832 2654 1957 2717 III
2021 2655 2174 2735 205)
2250 2653 2500 2717 videtur
2568 2655 2860 2734 conflata.

499 2750 757 2838 Scm‘pii
806 2774 959 2834 qnos
1001 2755 1152 2839 vidi,
1200 2756 1452 2820 nullam
1496 2762 1867 2839 aqnosennt,
1911 2762 2172 2838 praeter
2214 2777 2417 2820 annm
2461 2757 2862 2838 Vaticanum,

496 2856 608 2935 qni
652 2856 725 2919 de
770 2856 1023 2921 Ornata
1079 2860 1278 2940 faciei
1320 2860 1631 2924 inscribit.
1680 2862 1913 2941 prima
1955 2864 2167 2923 tamen
2228 2860 2418 2923 editio
2467 2860 2864 2925 Medicatam

493 2956 724 3037 faeiem
766 2967 956 3027 vocat.
1005 2964 1159 3043 qaid
1203 2964 1262 3027 si
1304 2963 1527 3027 Artem
1571 2963 1983 3028 medicandae
2022 2964 2218 3045 faciei
2261 2964 2763 3031 inscribamus?.
2791 3016 2805 3031 .
2826 2970 2855 3000 “

496 3064 649 3129 haec
706 3066 783 3128 ad
842 3067 1004 3131 hunc
1058 3085 1253 3149 usque
1314 3067 1479 3131 diem
1537 3067 1765 3149 ubique
1823 3069 2195 3149 repetuntur
2241 3068 2432 3131 etiam
2480 3086 2516 3132 a
2561 3067 2859 3133 Teuffelio

497 3167 563 3232 in
609 3169 950 3233 novissima
993 3170 1140 3234 hist.
1166 3172 1294 3236 litt.
1330 3172 1594 3236 Roman.
1622 3171 1891 3234 editione
1936 3191 1990 3236 a.
2030 3170 2215 3248 1875,
2247 3170 2393 3235 348.
2444 3171 2500 3248 7,
2549 3170 2667 3236 nisi
2700 3173 2860 3253 quod

496 3274 562 3339 in
617 3273 1108 3338 Helmstadiensi
1173 3274 1541 3357 inscriptum
1583 3292 1716 3337 0880
1760 3274 1835 3337 de
1888 3274 2303 3337 medicamine
2358 3274 2554 3355 faciei
2621 3274 2861 3338 addidit

497 3376 788 3444 Jahnius.
850 3376 1042 3460 quid?
1089 3376 1376 3460 equidem
1423 3376 1648 3459 viginti
1704 3377 1829 3440 fere
1876 3377 2068 3440 libros
2115 3375 2403 3458 adhibui,
2456 3376 2561 3457 qui
2607 3380 2857 3440 tantum

497 3501 618 3547 non
665 3499 876 3545 omnes
922 3482 1357 3562 inscriptiones
1391 3500 1427 3544 a
1457 3481 1659 3562 prima
1691 3499 1880 3545 manu
1914 3480 2143 3545 habent
2176 3480 2478 3544 exaratas
2526 3499 2596 3542 ex
2630 3477 2855 3560 quibus

497 3586 980 3650 Laurentianum
1006 3585 1272 3666 priorem
1298 3584 1485 3667 (plut.
1512 3584 1786 3648 XXXVI
1813 3604 1861 3649 c.
1886 3584 1951 3665 2)
1984 3583 2060 3648 ab
2087 3583 2348 3648 Heinsio
2373 3583 2505 3664 ipso
2532 3599 2858 3645 excussum

497 3708 657 3768 0880,
727 3694 872 3754 nota
928 3689 1129 3771 primo
1190 3687 1339 3751 folio
1388 3688 1700 3768 adscripta
1758 3689 2055 3764 testatur,
2112 3690 2340 3767 („qaae
2383 3685 2457 3747 in
2500 3684 2610 3747 hoc
2654 3684 2860 3749 codice

494 3793 908 3873 eontinentur,
955 3790 1194 3855 contuli
1239 3790 1315 3853 N
1314 3840 1326 3852 .
1382 3790 1577 3872 H.“):
1649 3789 2138 3873 Neapolitanum
2183 3792 2393 3854 autem
2437 3791 2724 3870 priorem,
2771 3791 2847 3852 de

495 3914 614 3978 quo
647 3895 725 3959 ad
759 3915 812 3959 v.
831 3897 914 3961 88
938 3896 1093 3960 dicit
1127 3899 1313 3980 „ante
1341 3896 1715 3979 quingentos
1744 3911 1947 3958 annos
1976 3891 2293 3975 scripta&
2327 3892 2511 3957 illum
2545 3892 2852 3970 ‚‚vidisse“

494 4004 665 4065 extra
731 4018 978 4064 omnem
1037 3999 1493 4065 dubitationem
1536 3999 1814 4081 positum
1876 3999 2003 4077 est,
2076 4000 2147 4062 ut
2209 3997 2366 4062 alios
2422 3996 2731 4076 omittam,
2777 3994 2855 4057 de

495 4103 717 4185 quibus
761 4102 928 4166 idem
974 4102 1113 4184 plus
1160 4121 1346 4184 quam
1391 4102 1522 4167 veri
1551 4102 1754 4167 simile
1802 4101 1917 4168 est.
1966 4102 2032 4165 at
2055 4118 2240 4181 quem
2264 4097 2420 4163 talia
2453 4096 2764 4177 fugerunt,
2800 4095 2852 4157 01

492 4211 624 4272 11110
669 4224 927 4287 parvam
969 4206 1159 4270 fidem
1204 4205 1573 4271 habebimus
1606 4206 1672 4268 in
1706 4205 1892 4269 rebus
1925 4201 2085 4267 aliis.
2134 4203 2196 4265 et
2235 4220 2301 4265 re
2347 4218 2490 4265 vera
2518 4198 2853 4263 Heinsium

492 4328 616 4375 non
646 4327 843 4391 pauca
873 4327 1015 4375 cum
1046 4309 1203 4372 falso
1235 4308 1546 4387 attulisse,
1584 4311 1721 4372 tum
1753 4325 1899 4372 vero
1931 4305 2238 4388 omisisse,
2273 4305 2579 4386 quatenus
2610 4300 2855 4368 scilicet

491 4413 671 4479 notae
739 4415 866 4478 eius
933 4412 1098 4495 typis
1156 4411 1496 4493 impressae
1558 4414 1736 4491 sunt,
1797 4411 2130 4493 apparatus
2189 4426 2230 4472 a
2273 4405 2452 4472 nobis
2513 4405 2846 4488 congestus

490 4516 787 4583 ostendet.
