3371 5070
1475 387 1880 451 ..35-

485 590 597 655 par
658 575 752 636 est
797 571 1085 637 adhibita
1144 572 1304 638 ratio
1371 573 1656 638 habenda
1730 574 1826 638 est
1899 574 2154 638 alterius
2212 573 2490 639 codicum
2547 575 2842 655 familiae,

487 673 964 756 videndumque,
996 676 1208 740 utrum
1255 677 1418 758 quod
1464 675 1802 745 exhibeant
1848 677 1925 741 ad
1974 680 2381 742 correctorem
2412 677 2614 762 illum,
2651 697 2731 743 an
2762 679 2841 742 ad

483 776 892 860 archetypum
937 777 1021 842 sit
1063 778 1486 858 referendum;
1533 781 1640 844 sed
1685 779 2049 862 plerumque
2094 779 2201 844 ubi
2249 779 2341 845 M
2377 779 2601 859 deficit,
2650 800 2846 864 neque

485 880 677 945 ceteri
722 884 1000 964 prosunt,
1049 881 1140 946 ita
1184 885 1254 946 ut
1300 883 1705 947 manifestum
1751 881 1834 946 sit
1869 901 2194 948 commune
2239 883 2396 947 illud
2447 883 2849 967 archetypum

483 985 692 1066 ipsum
723 984 1074 1065 corruptela
1109 984 1443 1064 laborasse,
1472 986 1549 1049 ad
1575 1004 1759 1067 quam
1786 983 2131 1050 tollendam
2155 985 2283 1050 iam
2315 985 2668 1051 coniectura
2690 1005 2841 1070 opus

485 1106 634 1152 esse.
684 1086 847 1170 quod
892 1104 1032 1152 cum
1078 1105 1188 1168 pro
1235 1088 1451 1168 exiguo
1483 1088 1784 1171 poematii
1832 1088 2074 1153 ambitu
2116 1106 2238 1153 non
2282 1087 2374 1153 ita
2417 1108 2557 1153 raro
2604 1089 2850 1153 eveniat

485 1209 679 1272 neque
724 1190 955 1271 ubique
1000 1190 1375 1275 scripturam
1421 1212 1493 1258 ex
1539 1193 1710 1257 omni
1741 1192 1920 1273 parte
1948 1191 2335 1276 probabilem
2366 1191 2645 1257 invenire
2691 1190 2849 1256 mihi

487 1291 843 1374 contigerit,
907 1290 975 1359 id
1038 1292 1200 1373 quod
1257 1293 1544 1377 equidem
1601 1294 1797 1360 libere
1851 1293 2175 1377 profiteor,
2253 1293 2607 1359 etiamnunc
2675 1294 2847 1377 patet

489 1414 738 1478 campus
785 1395 1163 1476 conici-endi,
1209 1398 1275 1461 in
1322 1416 1462 1481 quo,
1526 1399 1856 1480 postquam
1902 1397 2234 1481 apparatus
2281 1394 2536 1463 criticus
2581 1396 2706 1459 iam
2753 1397 2854 1461 est

488 1499 896 1574 constitutus,
962 1501 1308 1587 sagaciores
1366 1501 1610 1565 felicius
1671 1519 1862 1583 quam
1919 1519 2030 1585 ego
2077 1501 2210 1581 ipse
2253 1500 2547 1581 poterunt
2591 1499 2852 1567 versari.

684 1682 1171 1757 Adnotation‘em
1206 1682 1483 1755 criticam
1518 1690 1610 1755 ita
1654 1689 1944 1768 instruxi,
1992 1694 2063 1754 ut
2106 1689 2431 1774 librorum,
2473 1707 2624 1772 quos
2655 1707 2845 1773 supra

483 1786 831 1876 descripsi,
880 1793 1245 1863 varietatem
1319 1786 1662 1876 scripturae
1730 1794 2172 1879 subiungerem
2229 1794 2430 1877 totam
2501 1794 2567 1857 in
2624 1792 2882 1877 primis·

484 1913 725 1973 eorum,
797 1915 948 1977 quos
1008 1898 1139 1981 ipse
1185 1888 1437 1976 contuli,
1485 1890 1660 1962 etin
1706 1894 1836 1977 hie,
1871 1894 1954 1961 *ut
1999 1896 2249 1981 optimi,
2298 1895 2618 1980 Marciani.
2711 1913 2853 1960 cum

483 1997 666 2076 enim,
717 1999 882 2081 quod
927 2000 1076 2078 dixi,
1149 2000 1228 2065 iis
1270 1994 1442 2080 'lociS,
1516 2000 1739 2083 quibus
1804 1999 2012 2066 deficit
2047 2000 2160 2080 M,
2232 2000 2412 2065 crisis
2477 2019 2669 2083 genus
2711 2001 2851 2082 plus

479 2102 685 2165 minus
733 2102 815 2166 sit
861 2102 1247 2180 eclecticum,
1281 2107 1440 2186 quod
1475 2105 1755 2182 vocatur,
1801 2103 2168 2169 emendandi
2198 2104 2549 2185 periculum
2591 2103 2851 2169 facturis

481 2203 763 2269 codicum
811 2206 1003 2270 etiam
1048 2198 1423 2272 deteriorum
1455 2198 1754 2272 lectiones
1798 2204 2180 2272 commodari
2226 2225 2295 2270 ex
2341 2225 2456 2271 usu
2502 2224 2633 2271 esse
2678 2205 2852 2272 vide-

482 2308 690 2374 batur.
737 2308 958 2374 deinde
1006 2328 1145 2374 cum
1182 2309 1505 2392 librorum,
1553 2329 1706 2392 quos
1752 2304 2025 2387 adhibui,
2071 2309 2316 2377 indoles
2349 2310 2712 2393 plerumque
2743 2311 2855 2374 aut

483 2413 728 2476 omnino
774 2429 896 2475 non
945 2416 1091 2478 nota
1125 2414 1211 2477 sit
1254 2412 1366 2478 aut
1390 2404 1579 2477 ‘valde
1612 2431 1835 2478 manca
1880 2412 2009 2478 eius
2041 2410 2131 2476 rei
2164 2413 2412 2492 notit-ia,
2459 2411 2585 2476 iam
2616 2411 2846 2477 certius

479 2513 711 2597 poterit
758 2516 833 2580 de
879 2533 951 2581 ea
995 2515 1275 2601 iudicari,
1327 2515 1418 2581 ita
1463 2519 1530 2582 ut
1577 2516 1655 2581 ad
1702 2516 1967 2583 aliorum
2016 2514 2210 2582 etiam
2258 2517 2604 2581 carminum
2637 2516 2849 2584 crisim

478 2621 785 2700 quaedam
817 2638 889 2683 ex
936 2619 1052 2685 hac
1095 2640 1162 2684 re
1204 2621 1447 2705 possint
1493 2621 1859 2685 redundare.
1909 2618 2171 2704 denique
2216 2620 2501 2686 ostendet
2546 2620 2700 2684 haec
2735 2619 2852 2684 ad·

476 2722 738 2805 notati0‚
805 2742 990 2805 quam
1036 2722 1298 2789 infirmis
1352 2715 1538 2807 atque
1590 2721 1923 2789 fallacibus
1977 2722 2272 2788 subsidiis
2319 2721 2682 2806 institerint,
2741 2720 2851 2804 qui

477 2826 799 2909 hucusque
850 2826 1091 2891 textum
1134 2826 1327 2892 huius
1370 2825 1573 2893 libelli
1619 2826 2047 2892 tractaverunt
2091 2845 2165 2892 ac
2206 2828 2416 2892 tamen
2465 2826 2851 2893 coniecturas

478 2946 758 3009 promere
804 2931 1221 2995 certaverunt.
1290 2928 1587 2995 lectiones
1632 2928 1914 2996 codicum
1959 2928 2038 2995 ab
2091 2928 2354 2996 Heinsio
2402 2946 2851 2995 commemora-

483 3031 694 3095 torum
735 3032 865 3097 sine
910 3032 1038 3096 ullo
1084 3032 1310 3098 damno
1356 3021 1566 3100 omitti
1625 3050 1804 3115 posse
1862 3031 2022 3102 mihi
2087 3032 2396 3120 persuasi;
2464 3031 2580 3116 quiw
2637 3032 2849 3096 autem

481 3133 546 3197 et
604 3133 714 3198 has
771 3152 1123 3218 comparare
1180 3134 1446 3199 voluerit
1516 3134 1736 3200 Jahnii
1794 3135 2129 3200 editionem
2189 3133 2514 3217 inspiciat,
2583 3132 2690 3216 qui
2749 3151 2853 3197 eas

475 3234 702 3301 sedulo
749 3237 1018 3321 collegit.
1304 3227 1309 3234 ’

682 3339 859 3420 Quod
903 3340 981 3404 ad
1028 3339 1537 3424 orthographiam
1594 3341 1854 3421 attinet,
1925 3340 2296 3424 primarium
2339 3340 2564 3405 ducem
2596 3343 2848 3406 secutus

480 3460 620 3506 sum
652 3442 931 3507 codicem
961 3442 1381 3520 Marcianum3
1429 3437 1585 3528 quae
1631 3437 1842 3509 autem
1886 3444 1958 3512 in
2000 3462 2072 3510 ea
2115 3463 2182 3509 re
2228 3444 2377 3509 sunt
2419 3443 2726 3527 graviora,
2784 3462 2859 3509 ea

474 3562 587 3611 suo
638 3546 925 3629 quodque
967 3546 1099 3616 loco
1144 3550 1399 3632 tangam
1446 3549 1511 3613 in
1560 3535 2000 3614 commentario
2051 3547 2284 3614 critico,
