3371 5070
1332 438 1757 502 —21-

362 630 750 714 benignitate
782 627 1051 693 contulit
1079 627 1179 694 vir
1209 625 1588 691 clarissimus
1631 626 1703 690 L.
1733 625 1959 690 Delis
1977 625 2067 708 le,
2092 624 2248 691 bibl.
2272 629 2403 690 nat.
2434 623 2720 700 director,

361 734 603 800 adiecta
642 733 793 798 libri
821 730 1254 814 descriptione.
1318 729 1642 811 inscriptio
1687 728 1755 792 in
1800 745 1870 792 eo
1916 728 2068 793 haec
2110 729 2376 811 legitur:
2427 726 2725 808 Sequitur

365 836 628 902 Ovidius
683 835 759 899 de
817 833 1232 897 medicamine
1290 831 1517 912 faciei3
1581 831 1724 913 post
1768 850 1827 895 v.
1874 830 1960 895 30
2002 829 2219 894 eadem
2262 848 2507 910 manus,
2564 847 2723 910 quae

359 959 610 1006 carmen
657 937 954 1020 exaravit,
1002 934 1360 1017 adscripsit:
1408 933 1634 998 Nescio
1679 934 1738 997 si
1772 933 1933 1014 plus
1975 931 2075 996 sit.
2122 932 2386 1015 triginta
2414 933 2481 997 hi
2510 950 2723 997 versus

361 1063 435 1108 ex
478 1039 841 1123 anthologia
883 1038 1095 1120 aliqua
1137 1038 1262 1102 huc
1305 1036 1700 1118 transscripti
1746 1054 1878 1102 esse
1923 1035 2214 1100 videntur
2270 1035 2494 1100 iisdem
2549 1035 2722 1100 vitiis

361 1144 590 1227 quibus
656 1143 723 1206 in
786 1140 1096 1224 plerisque
1165 1141 1352 1205 huius
1395 1141 1621 1205 aetatis
1667 1138 1985 1204 codicibus
2031 1138 2367 1220 inquinati.

949 1345 1039 1414 18.
1090 1346 1178 1413 De
1227 1350 1457 1414 codice
1506 1343 2028 1429 Guelferbytano
2077 1345 2137 1412 h.

562 1483 845 1564 Denique
892 1500 1312 1547 commemoro
1361 1481 1635 1558 codicem
1682 1479 2242 1565 Guelferbytanum
2308 1480 2461 1565 olim
2504 1481 2725 1568 Helm-

358 1587 728 1652 stadiensem
778 1587 925 1665 336,
988 1588 1064 1650 de
1101 1603 1220 1667 quo
1263 1586 1332 1649 in
1378 1585 1765 1668 praefatione
1807 1603 2008 1666 pauca
2053 1585 2324 1671 exposui.
2374 1586 2469 1649 est
2514 1587 2725 1648 autem

356 1691 459 1756 hic
504 1690 664 1754 liber
709 1690 1092 1769 chartaceus,
1119 1693 1408 1754 constans
1440 1688 1605 1753 foliis
1642 1688 1765 1752 165
1795 1688 2032 1752 formae
2077 1688 2402 1763 maximae,
2435 1690 2723 1769 scriptuS‚

356 1794 433 1858 ut
474 1790 773 1856 Merkelio
824 1790 1068 1856 videtur
1116 1790 1237 1868 (ed.
1287 1789 1521 1855 Teubn.
1572 1791 1622 1869 Ι,
1668 1810 1730 1872 p.
1768 1790 1901 1874 VI),
1952 1808 2110 1856 anno
2162 1789 2329 1854 1440
2368 1794 2479 1855 aut
2527 1788 2723 1879 14703

360 1895 651 1960 Loersius
701 1893 819 1975 (ed.
866 1895 1016 1959 Her.
1050 1914 1112 1977 p.
1137 1894 1220 1975 X)
1272 1914 1412 1958 eum
1457 1896 1598 1976 post
1641 1893 1798 1975 ipsa·
1823 1892 1976 1957 artis
2023 1892 2498 1976 typographicae
2544 1893 2725 1959 initia

284 2026 289 2031 ·
359 2004 679 2065 exaratum
727 2017 861 2063 esse
892 1998 1050 2063 dicit
1095 2001 1157 2063 et
1202 1998 1279 2062 ab
1324 1997 1585 2062 Heinsio
1633 2014 1757 2061 non
1803 1997 1910 2080 ita,
1957 1998 2028 2060 ut
2069 2016 2182 2079 par
2212 2000 2366 2074 erat,
2401 1996 2721 2062 collatum.

361 2122 519 2186 quae
565 2101 962 2168 continentur
1007 2120 1077 2167 eo
1125 2104 1445 2168 enumerat
1489 2100 1867 2184 Sedlmayer,
1917 2102 2017 2165 cui
2063 2104 2158 2166 est
2198 2122 2297 2185 92,
2343 2100 2389 2167 1.
2423 2117 2474 2164 c.
2505 2119 2567 2182 p.
2606 2099 2722 2181 153

357 2225 557 2288 neque
601 2209 816 2271 tamen
863 2207 939 2269 de
982 2206 1062 2270 iis
1109 2206 1265 2270 satis
1312 2207 1582 2281 constat;
1642 2204 1983 2269 Merkelius
2030 2203 2199 2268 enim
2245 2204 2436 2268 etiam
2482 2201 2723 2269 Nucem

361 2309 429 2372 in
475 2325 545 2371 eo
589 2308 791 2372 inesse
836 2307 1011 2382 dicit,
1060 2327 1201 2372 cum
1243 2308 1403 2372 nihil
1436 2307 1510 2372 de
1540 2308 1716 2373 Nuce
1747 2307 1916 2373 dicat
1946 2307 2325 2390 Sedlmayer.
2376 2306 2724 2388 scripturae

360 2410 546 2475 huius
605 2410 834 2474 codicis
891 2409 1279 2492 refingendae
1342 2411 1498 2476 mihi
1559 2412 1738 2476 erant
1783 2431 1815 2475 e
1860 2410 2151 2476 Merkelii
2209 2410 2474 2474 editione
2518 2410 2723 2475 Teub-

358 2514 612 2580 neriana
657 2514 722 2578 et
767 2513 1095 2580 collatione
1139 2513 1203 2579 in
1250 2514 1460 2579 Iahnii
1520 2533 1704 2581 usum
1750 2514 1915 2580 facta
1958 2533 1996 2579 a
2042 2513 2285 2601 Silligio
2307 2511 2405 2593 ¹⁵).

561 2723 819 2787 Praeter
866 2723 978 2787 hos
1023 2722 1218 2787 libros
1267 2741 1460 2788 manu
1507 2724 1773 2806 scriptos
1819 2722 1979 2788 mihi
2022 2725 2269 2805 praesto
2317 2722 2496 2786 erant
2540 2719 2723 2785 colla-

356 2824 551 2889 tiones
608 2825 926 2907 utriusque
971 2824 1263 2890 editionis
1310 2825 1640 2908 principis,
1704 2826 2112 2891 Bononiensis
2169 2843 2224 2889 a.
2277 2824 2438 2889 1471
2490 2827 2553 2888 et
2596 2824 2722 2887 Ro-

358 2944 579 2991 manae
647 2928 794 2991 anni
858 2927 1168 3011 eiusdem;
1233 2929 1393 2993 hanc
1416 2978 1430 3006 ‚
1497 2929 1671 2994 cuius
1742 2928 2055 3010 exemplar
2119 2930 2182 2992 in
2249 2928 2398 2992 bibl.
2443 2927 2725 3010 palatina

366 3027 816 3094 Vindobonensi
862 3032 1068 3094 exstat
1113 3031 1276 3112 sign.
1325 3034 1428 3100 25.
1481 3030 1551 3096 G.
1596 3036 1695 3109 11,
1744 3031 2209 3095 accuratissime
2255 3032 2641 3112 descriptum
2686 3048 2725 3095 a

361 3129 760 3213 Sedlmayero
804 3132 848 3196 1.
897 3150 949 3195 c.
995 3152 1053 3214 p.
1102 3133 1187 3199 25
1248 3152 1402 3215 sqq„
1471 3134 1602 3214 ipse
1670 3135 1941 3208 contuli,
2011 3134 2300 3199 editionis
2367 3134 2720 3197 rarissimae

356 3232 802 3310 Bononiensis,
879 3233 1056 3297 cuius
1126 3237 1287 3315 quod
1354 3235 1547 3299 sciam
1605 3253 1773 3299 nunc
1828 3236 2101 3317 primum
2159 3242 2448 3300 enotatur
2492 3236 2721 3301 discre-

355 3336 575 3419 pantia
643 3336 986 3417 scripturae
1003 3383 1017 3412 ‚
1096 3337 1407 3417 exemplar
1465 3337 1863 3402 adservatum
1940 3337 2007 3402 in
2070 3337 2287 3403 Museo
2361 3338 2719 3404 Britannico

362 3436 744 3512 (Greenville
790 3435 1129 3503 Collection
1160 3438 1240 3502 πθ
1270 3440 1632 3521 10035-6)
1681 3440 1957 3506 excussit
2002 3444 2065 3506 et
2110 3442 2508 3507 collationem
2536 3442 2722 3508 solita

360 3538 743 3606 liberalitate
774 3559 1022 3607 mecum
1055 3544 1542 3607 communicavit
1588 3543 1965 3627 Sedlmayer.
2011 3546 2162 3611 haec
2190 3542 2482 3631 editio¹⁶),
2532 3564 2720 3629 quam

567 3789 631 3855 ¹⁶)
667 3788 918 3843 Codicum
957 3787 1197 3855 duorum,
1237 3789 1354 3844 dico
1379 3789 1769 3846 Mentelianum
1796 3798 1854 3848 et
1877 3794 2245 3856 Bodleiannm,
2280 3792 2572 3859 scripturas
2597 3804 2719 3842 cum

355 3891 470 3930 sero
504 3874 816 3943 accepissem
853 3890 914 3927 eo
948 3876 1198 3944 tempore,
1237 3892 1340 3944 quo
1377 3876 1476 3930 hae
1510 3876 1727 3932 chartae
1763 3879 1910 3948 prelo
1947 3879 2122 3933 subici
2155 3876 2428 3931 debebant
2462 3877 2719 3944 typogra-

354 3960 540 4029 phico,
593 3959 731 4013 nihil
785 3960 938 4014 aliud
985 3961 1223 4014 restabat
1270 3961 1380 4015 nisi
1429 3965 1492 4016 ut
1527 3979 1614 4017 eas
1649 3966 1928 4034 tamquam
1968 3963 2313 4033 appendicem
2352 3960 2718 4029 adiungerem.

354 4062 515 4115 quam
552 4046 609 4100 in
647 4045 983 4115 appendicem
1024 4048 1181 4102 reieci
1215 4062 1422 4116 quoque
1458 4052 1761 4104 accuratam
1796 4049 1925 4104 libri
1959 4050 2246 4116 utriusque
2283 4046 2719 4115 descriptionem.

565 4149 631 4217 ¹⁶)
667 4148 752 4205 Of.
789 4148 853 4203 de
890 4149 1019 4205 edit.
1066 4147 1272 4204 Bonon.
1310 4151 1533 4221 Panzer,
1592 4153 1829 4207 Annales
1877 4155 2088 4221 typogr.
2128 4151 2173 4204 1.
2209 4155 2342 4218 204,
2404 4149 2719 4217 Schweiger‚

356 4234 661 4292 Handbuch
697 4236 790 4290 der
823 4236 976 4291 class.
1016 4236 1278 4307 Bibliogr.
1316 4238 1391 4292 II.
1430 4244 1479 4292 2.
1518 4244 1632 4292 623.
1673 4238 1857 4308 Ebert,
1895 4237 2043 4306 Allg.
2082 4236 2333 4306 bibliogr.
2376 4235 2607 4289 Lexicon
2640 4231 2715 4288 11.

357 4326 456 4376 256
494 4324 556 4376 n⁰
594 4327 776 4378 16388.
848 4323 1127 4394 Exemplar
1163 4324 1306 4392 quod
1352 4325 1409 4377 in
1445 4324 1630 4378 Museo
1665 4324 1806 4377 Brit.
1844 4323 2043 4388 exstat,
2096 4324 2309 4392 praeter
2358 4319 2521 4387 illud,
2573 4319 2717 4389 quod

357 4405 739 4479 Cantabrigiae
775 4408 1087 4464 adservatur
1133 4410 1360 4481 (Kinq’s
1411 4410 1621 4480 Colleqe
1656 4410 1743 4464 M.
1780 4412 1869 4474 63,
1907 4411 1990 4476 1),
2034 4425 2200 4463 unum
2253 4409 2416 4463 huius
2469 4406 2717 4461 editionis

352 4508 468 4548 esse
503 4494 775 4564 integrum
810 4496 1034 4551 Carolus
1072 4494 1418 4550 Schenkelins
1455 4495 1760 4563 suspicatur
1794 4493 1876 4547 W.
1915 4494 2067 4548 Stnd.
2103 4495 2164 4549 ΙΙ
2199 4511 2251 4564 p.
2290 4499 2374 4548 66.
