3371 5070
1304 432 1518 479 -··-
1605 430 1684 496 31
1775 465 1860 478 -

471 647 529 694 v.
572 628 656 692 21
703 625 1010 710 petitos
1062 621 1302 686 MLo:
1349 622 1599 704 paratos
1647 617 1803 703 CN¹
1863 677 1869 685 .

464 749 527 796 v.
570 730 654 794 27
703 728 1124 812 [par-ent...
1182 725 1685 802 uenerentur,
1736 719 1844 784 M:
1904 722 2153 802 paret..
2219 716 2550 786 ueneretur
2609 713 2823 798 olm]

470 853 528 898 v.
576 831 660 897 29
704 829 898 896 illas
946 824 1292 909 M(‘.³)Go:
1337 825 1480 890 illos
1523 822 1632 888 Lo

472 955 532 1001 v.
577 934 664 1000 30
709 931 974 998 onltas
1024 926 1269 995 MOL:
1316 927 1517 997 cultos
1562 926 1656 991 vel
1703 925 1911 995 nultus
1955 944 1998 991 σ

472 1056 532 1103 v.
581 1034 666 1102 35
709 1038 891 1113 urget
937 1030 1172 1099 Mos:
1219 1033 1434 1112 turget
1477 1028 1536 1096 L
1586 1031 1668 1111 (2³)

473 1159 530 1206 v,
576 1138 661 1203 39
705 1136 1136 1205 finduntur
1183 1132 1442 1201 MLB:
1488 1130 1806 1199 findantur
1851 1127 1932 1194 G:
1981 1127 2164 1195 varia
2209 1148 2251 1196 σ

476 1263 535 1311 v.
578 1241 665 1307 56
707 1240 909 1307 nuda
953 1236 1180 1303 MOo:
1231 1238 1379 1304 bina
1422 1235 1482 1301 L

474 1364 532 1411 v.
577 1344 663 1411 56
707 1343 838 1411 sed
884 1341 1304 1407 cumulent
1352 1337 1584 1404 MGcr:
1647 1337 1992 1403 secundent
2039 1335 2097 1399 L

471 1465 529 1513 v.
572 1447 661 1514 59
703 1444 995 1513 cadent
1041 1441 1273 1509 M'Oo:
1321 1441 1559 1511 eadunt
1601 1439 1716 1507 Lo

452 1569 526 1629 Av.
573 1550 657 1614 63
702 1548 908 1614 bullos
957 1546 1124 1611 Mo:
1172 1545 1374 1610 biblos
1422 1543 1510 1609 L:
1556 1543 1845 1621 bulbos
1894 1541 2003 1609 Οσ

471 1671 528 1717 v.
575 1651 661 1715 64
702 1653 1036 1719 strenua
1084 1646 1322 1713 MG'a:
1367 1646 1636 1713 stemnia
1680 1644 1739 1708 L

473 1775 534 1821 v.
581 1755 666 1819 65
708 1753 870 1822 bulli
914 1752 1025 1821 M:
1072 1749 1442 1837 gum(m)i
1488 1748 1668 1815 GLa

480 1875 538 1923 v.
581 1857 662 1920 67
710 1855 984 1923 affecerit
1030 1854 1216 1920 ML:
1269 1853 1590 1919 afficiet
1637 1850 1743 1918 Οσ

477 1980 532 2025 v.
579 1960 662 2025 69
706 1962 1012 2023 torrere
1058 1957 1174 2023 M:
1220 1957 1454 2041 pallore
1505 1953 1689 2021 C'Lo·

479 2081 538 2129 v.
587 2063 672 2129 70
717 2062 919 2149 frige
963 2061 1091 2126 fere
1137 2061 1252 2124 M:
1298 2060 1448 2141 frigi
1490 2059 1617 2123 fere
1665 2056 1744 2124 0:
1789 2056 2095 2142 frugifere
2140 2055 2257 2120 Lo

739 2164 942 2247 (lectio
985 2164 1308 2247 genuina:
1350 2161 1559 2248 frige
1603 2161 1855 2243 fabae)

481 2289 540 2334 v.
590 2269 672 2332 76
718 2266 861 2332 Sed
929 2268 1232 2330 iustum
1277 2267 1479 2330 tristis
1532 2263 1603 2346 (i.
1650 2283 1700 2329 e.
1747 2261 2001 2345 tritis)
2052 2262 2280 2327 unica
2323 2260 2628 2343 pondus
2673 2260 2835 2325 erit

731 2371 817 2434 M
825 2370 962 2437 Co:
1028 2370 1087 2436 S.
1136 2369 1176 2433 i.
1224 2370 1460 2451 pondus
1503 2366 1691 2433 uncia
1736 2366 1937 2432 tristis
1983 2369 2103 2432 erit
2150 2365 2208 2429 L

474 2492 531 2538 v,
578 2473 657 2539 81
707 2475 808 2539 Ut
854 2472 1090 2539 MGo:
1139 2473 1222 2538 Et
1265 2471 1324 2538 L

471 2596 533 2641 v.
583 2578 666 2641 85
713 2576 803 2641 ibi
849 2576 1031 2642 ML:
1079 2577 1214 2641 ubi
1262 2575 1368 2642 Οσ

472 2699 530 2747 v.
577 2679 664 2745 85
709 2698 1031 2763 corpora
1080 2679 1308 2746 MCo:
1355 2677 1580 2744 tubera
1624 2676 1789 2762 L(.2)
1839 2698 1957 2744 rec.

472 2802 532 2850 v.
581 2783 664 2848 86
710 2785 962 2848 triens
1012 2783 1124 2848 M:
1176 2782 1429 2848 trahens
1477 2781 1659 2847 GLo

1530 2887 1554 2935 l
1577 2901 1761 2937 murra

468 2973 527 3020 v.
577 2955 680 3033 88,
729 2955 831 3035 91,
877 2955 962 3019 92
1005 2974 1268 3021 murra
1316 2954 1500 3019 ML:
1544 2974 1757 3038 myrra
1803 2952 1884 3019 0:
1931 2952 2121 3017 varia
2165 2972 2207 3016 σ

468 3075 529 3122 v.
577 3057 660 3123 89
707 3060 1140 3123 contrieris
1191 3056 1365 3123 MC:
1414 3057 1780 3123 contriveris
1828 3054 1950 3119 Lo

470 3180 529 3225 v.
579 3160 703 3224 100
748 3162 1324 3228 contereret...
1381 3160 1918 3241 illineretque
1965 3157 2053 3221 M

773 3265 1145 3329 contereret.
1173 3312 1189 3329 .
1247 3263 1602 3344 illiniatque
1651 3258 1759 3325 00

773 3366 1052 3431 conterat
1093 3367 1162 3430 in
1207 3365 1574 3446 illineatque
1621 3363 1679 3427 L

675 3503 969 3585 Reliquos
1035 3506 1230 3570 libros
1266 3501 2005 3589 „N4l1ul2mv1v2bcph
2076 3502 2310 3568 saeculi
2380 3502 2519 3568 XV.
2586 3508 2833 3587 praeter

478 3604 603 3689 Nm
680 3606 788 3688 qui
852 3607 1024 3673 XIV.
1095 3611 1220 3688 est,
1295 3608 1479 3673 tertio
1545 3606 1756 3689 generi
1824 3605 2225 3671 adnumerem
2286 3624 2519 3672 omnes,
2609 3606 2834 3671 horum

475 3713 808 3776 auctoritas
854 3710 921 3774 in
966 3711 1317 3777 factitanda
1362 3711 1506 3776 crisi
1538 3708 1844 3775 Ovidiana
1890 3709 2019 3775 fere
2066 3710 2240 3774 nulla
2284 3711 2399 3787 est,
2448 3708 2677 3792 quippe
2727 3710 2836 3791 qui

472 3828 596 3874 non
640 3814 843 3879 solum
889 3834 990 3893 ea,
1061 3833 1219 3897 quae
1265 3814 1499 3879 nefarie
1544 3817 1692 3879 ante
1742 3813 2065 3880 saeculum
2110 3812 2293 3877 XIII.
2340 3817 2521 3877 erant
2567 3812 2833 3894 intrusa,

468 3915 831 3998 plerumque
897 3921 1271 4001 propagent,
1349 3919 1457 3986 sed
1524 3919 1665 3983 aliis
1734 3919 1928 3984 etiam
1996 3915 2266 3983 inventis
2337 3917 2581 3981 textum
2650 3935 2833 3999 quem

467 4036 758 4083 vocamus
805 4021 1053 4084 certent
1097 4021 1480 4105 adulterare3
1549 4023 1713 4088 unde
1759 4040 1916 4103 quae
1961 4018 2350 4100 singulorum
2396 4022 2542 4081 sunt
2585 4020 2836 4100 propria

468 4140 593 4187 non
636 4123 836 4203 pluris
903 4125 1049 4186 sunt
1093 4124 1481 4188 aestimanda
1526 4144 1713 4206 quam
1782 4123 2167 4190 coniecturae
2222 4122 2338 4187 hoe
2394 4122 2642 4186 nomine
2687 4137 2833 4200 pro-

464 4225 655 4291 latae.
703 4226 758 4289 si
801 4225 948 4310 quid
997 4229 1209 4292 autem
1253 4227 1320 4291 in
1367 4228 1446 4291 iis
1495 4229 1717 4310 exstat,
1765 4226 1930 4307 quod
1975 4243 2118 4290 eum
2162 4225 2230 4289 in
2262 4224 2349 4290 M
2364 4224 2420 4290 G
2430 4223 2488 4287 L
2528 4227 2829 4303 servetur,

464 4328 875 4393 immutatum
921 4330 1006 4394 sit
1051 4350 1088 4393 a
1134 4349 1326 4395 manu
1360 4330 1473 4394 illa
1515 4328 1902 4405 retractanti,
1949 4327 2012 4392 id
2038 4328 2360 4411 tamquam
2408 4345 2557 4391 easu
2588 4326 2830 4390 factum

469 4449 601 4496 esse
651 4431 921 4511 videtur,
984 4452 1179 4516 neque
1242 4434 1572 4516 quicquam
1633 4430 1787 4498 facit
1832 4430 1913 4496 ad
1961 4431 2260 4498 tuendam
2305 4434 2414 4494 aut
2462 4430 2828 4496 elevandam
