3371 5070
1477 440 1896 504 ...64-

514 630 819 706 quantum
864 626 1201 709 superbiat,
1250 629 1391 707 apte
1437 632 1611 690 muta
1656 627 1861 709 potest
1905 628 2125 692 vocari.
2185 628 2386 710 (Ovid.
2416 631 2583 696 Fast.
2613 631 2704 694 VI
2753 630 2875 695 177

516 730 595 793 ad
626 728 836 793 cibum
882 729 1065 794 illum
1091 729 1448 808 delicatum,
1476 749 1661 812 quem
1690 731 2068 814 praebebant
2098 750 2367 814 pavones
2397 734 2652 799 subtilis
2674 733 2872 816 palati

513 833 885 913 hominibus,
931 833 1214 898 alludens
1262 831 1450 898 dicit:
1506 837 1767 914 practer
1815 854 2070 915 mimas
2124 835 2291 900 nihil
2336 837 2411 900 in
2444 855 2689 918 pavone
2724 837 2876 918 pla-

514 934 727 1017 cebat).

719 1038 793 1104 In
839 1058 895 1104 v.
942 1039 1025 1104 35
1068 1041 1120 1104 si
1165 1040 1356 1105 verba
1412 1038 1676 1105 tradita:
1750 1039 1860 1106 Sic
1877 1038 1959 1125 39)
2016 1042 2236 1122 potius
2300 1061 2406 1106 vos
2464 1047 2641 1126 uryet
2700 1059 2877 1107 amor

514 1163 706 1223 quam
746 1142 798 1225 f.
848 1141 907 1205 h.
954 1142 1114 1207 tueri
1172 1143 1360 1224 velis,
1421 1142 1521 1206 hic
1582 1160 1801 1207 sensus
1870 1144 1972 1214 iis
2014 1144 2100 1209 sit
2166 1145 2594 1212 subiciendus:
2653 1144 2876 1209 Potius

513 1251 617 1325 est,
666 1247 707 1310 i.
758 1267 806 1311 e.
844 1247 1288 1327 praestantius
1332 1250 1421 1310 cst
1463 1249 1564 1310 vel
1602 1251 1892 1327 praestat
1964 1267 2235 1313 amorem
2277 1268 2383 1313 vos
2426 1251 2537 1331 sic,
2584 1250 2629 1314 i.
2664 1270 2713 1316 e.
2758 1250 2875 1332 ita,

512 1353 583 1413 ut
627 1368 730 1432 eqo
772 1349 939 1412 vobis
982 1350 1160 1413 modo
1194 1342 1619 1430 praecipiam,
1662 1370 1882 1433 urycrc
1933 1351 2224 1432 (Tertull.
2275 1354 2350 1418 de
2398 1372 2447 1418 c.
2498 1353 2643 1417 fem.
2690 1355 2755 1418 II
2800 1354 2875 1418 5:

513 1473 672 1534 quae
728 1457 926 1517 cutem
987 1453 1510 1517 medicaminibus
1575 1473 1671 1517 ur
1679 1474 1722 1536 9
1741 1474 1830 1518 cii
1848 1459 1872 1517 t
1891 1505 1908 1538 ,
1972 1474 2167 1538 yeuas
2233 1460 2460 1522 rubore
2514 1456 2882 1536 macularit,-

514 1556 623 1622 Ov.
672 1558 818 1622 Am.
865 1557 931 1619 ΙΙ
984 1556 1080 1621 18.
1128 1557 1243 1621 20:
1313 1559 1480 1620 artes
1537 1557 1736 1620 teneri
1797 1559 2173 1640 profitemur
2238 1559 2660 1623 amoris-Hei
2715 1557 2878 1621 mihi

502 1659 864 1741 praeceptis
907 1677 1185 1741 uryeor
1228 1659 1362 1738 ipse
1407 1660 1560 1725 meis
1578 1660 1644 1736 Ι).
1691 1661 1797 1725 sed
1832 1662 2123 1743 quoniam
2154 1663 2306 1727 haec
2353 1664 2677 1746 explicatio
2710 1664 2877 1727 iusto

515 1770 610 1828 est
667 1762 1077 1841 artificiosior,
1147 1763 1353 1827 versui
1413 1762 1723 1829 laboranti
1782 1763 2137 1829 coniectura
2199 1766 2317 1830 erit
2376 1768 2873 1832 succurrendum.

515 1885 712 1949 neque
743 1870 958 1930 tamen
988 1866 1150 1947 quod
1200 1865 1341 1947 post
1376 1865 1710 1930 Heinsinm
1753 1867 1942 1949 vulgo
1990 1867 2195 1932 editur
2239 1887 2354 1931 rios
2397 1873 2537 1932 uret
2581 1861 2871 1951 cuiquam

514 1969 845 2051 probatum
890 1967 967 2032 iri
1002 1972 1152 2050 puto
1177 2015 1193 2046 ,
1241 1968 1350 2049 qui
1395 1968 1503 2033 hos
1548 1988 1756 2033 versus
1804 1969 2155 2034 accuratius
2201 1971 2552 2055 perlegerit.
2700 1974 2706 1978 ’

718 2089 1020 2170 Equidem
1067 2089 1331 2153 servatis
1377 2089 1653 2170 apicibus
1699 2089 1875 2153 verbi
1920 2090 2137 2154 traditi
2194 2095 2372 2173 urqet
2437 2093 2562 2156 leni
2625 2098 2869 2159 antece-

518 2191 723 2258 dentis
791 2192 1172 2274 pronominis
1240 2211 1356 2255 uos
1420 2193 1768 2258 mutatione
1827 2194 2222 2258 scribendum
2283 2199 2711 2277 proposuerim
2768 2196 2867 2259 Sic

509 2299 724 2379 potius
784 2300 1115 2380 cousuryet
1175 2316 1370 2363 amor.
1417 2298 1636 2362 habita
1695 2300 1860 2363 enim
1918 2299 2159 2364 ratione
2205 2299 2608 2379 locutionum,
2659 2299 2875 2382 quales

517 2401 665 2464 sunt
708 2402 816 2463 ira
859 2401 1175 2483 consuryit
1227 2399 1512 2482 (Quintil.
1559 2402 1592 2464 I
1640 2404 1738 2466 11.
1791 2403 1922 2483 12),
1970 2403 2107 2465 irae
2153 2407 2422 2484 surgunt
2475 2405 2686 2486 (Verg.
2722 2403 2876 2467 Aen.

516 2504 575 2569 X
605 2503 784 2588 814),
829 2502 1008 2568 dolor
1051 2504 1257 2587 suryit
1308 2503 1473 2587 (Sen.
1506 2505 1760 2588 Thyest.
1795 2505 1971 2588 943),
2004 2505 2333 2588 inqenium
2378 2507 2585 2589 surgit
2630 2507 2763 2589 (Ov.
2798 2506 2877 2573 A.

516 2626 571 2673 a.
622 2609 652 2671 I
701 2607 847 2689 186)
901 2611 963 2671 et
1009 2626 1162 2689 quae
1207 2608 1353 2672 sunt
1408 2608 1643 2673 similia
1701 2610 1890 2674 etiam
1956 2629 2137 2673 amor
2191 2610 2358 2673 iuter
2400 2614 2689 2675 amantes
2733 2628 2877 2673 cem-

516 2716 717 2795 suryit
761 2729 869 2796 pro
915 2712 1229 2775 eoecitatur
1272 2711 1398 2776 dici
1443 2730 1621 2794 posse
1666 2714 1841 2794 puto.

721 2834 792 2897 In
839 2833 996 2897 hanc
1043 2832 1463 2897 coniecturam
1519 2833 1714 2898 etiam
1761 2832 2088 2898 Carolus
2137 2833 2692 2911 SchenkeliuS‚
2739 2849 2879 2896 ma-

519 2937 712 3020 gister
754 2936 1099 3019 plurimum
1149 2937 1456 3014 colendus,
1506 2937 1829 3001 inciderat.

723 3057 800 3121 V.
846 3058 930 3121 39
988 3058 1143 3122 falso
1201 3057 1323 3121 viri
1382 3056 1548 3121 docti
1601 3057 1936 3123 sollicitare
1995 3057 2196 3122 conati
2252 3056 2403 3121 sunt
2461 3056 2874 3120 indicativum

513 3162 870 3244 finduntur,
940 3179 1123 3243 quem
1174 3161 1396 3244 optimi
1451 3161 1598 3226 libri
1655 3162 1720 3226 et
1777 3160 2097 3227 Charisius
2161 3161 2351 3244 (Keil,
2411 3160 2444 3222 I
2503 3179 2564 3240 p.
2612 3160 2713 3238 90,
2769 3158 2870 3239 16)

517 3268 790 3330 tuentur.
839 3282 1070 3347 angues
1119 3264 1402 3328 cantibus
1445 3264 1706 3348 magicis
1752 3266 1941 3347 vulgo
1989 3265 2194 3347 rumpi
2240 3263 2532 3328 dicuntur
2577 3262 2681 3344 (cf.
2730 3263 2877 3327 Am.

520 3369 584 3432 ΙΙ
633 3367 688 3429 1.
735 3365 837 3443 25,
897 3366 1048 3431 Met.
1090 3367 1214 3430 VII
1276 3368 1425 3447 203)
1449 3365 1565 3447 4⁰),
1644 3367 1710 3431 id
1777 3369 1939 3450 quod
2014 3368 2218 3432 verbis
2261 3366 2502 3429 mediae
2542 3364 2882 3447 {induatur

520 3470 634 3534 hoc
678 3471 811 3533 loco
849 3468 1108 3534 Ovidius
1153 3470 1356 3554 magis
1402 3471 1593 3535 etiam
1639 3473 1989 3555 exaggerat,
2040 3474 2209 3537 velut
2253 3470 2451 3535 Lucil.
2483 3469 2620 3534 XX.
2668 3468 2758 3531 IV
2792 3464 2878 3552 [5]

524 3571 561 3634 d
615 3570 921 3652 (Muell.):

724 3693 858 3756 iam
901 3691 1335 3773 disrumpetur
1378 3694 1638 3771 medius,
1685 3695 1840 3774 iam,
1887 3703 1957 3758 ut
2003 3685 2259 3759 Marsu'
2306 3693 2596 3759 colubras

726 3795 1072 3876 disrumpit
1114 3801 1326 3879 cantu,
1373 3816 1563 3861 venas
1609 3816 1749 3861 cum
1793 3798 2136 3861 extenderit
2179 3798 2402 3861 omnis,

727 3898 1135 3965 Coniunctivo
1178 3899 1535 3981 findantur,
1583 3902 1689 3981 qui
1735 3900 1991 3966 Heinsio
2036 3901 2183 3965 adeo
2228 3902 2487 3982 placuit,
2536 3901 2608 3961 ut
2653 3915 2754 3961 vv.
2784 3893 2886 3959 40‘

525 4007 587 4067 et
631 4000 716 4066 42
764 4003 947 4067 variis
994 4002 1360 4068 coniecturis
1407 4005 1716 4087 temptare
1762 4004 2078 4083 maluerit,
2129 4004 2349 4068 horum
2394 4004 2671 4085 ipsorum
2714 3996 2880 4063 indi-

733 4286 797 4352 39)
837 4286 990 4353 Quod
1024 4287 1098 4339 M
1140 4303 1234 4355 pro
1273 4289 1365 4342 Sic
1400 4287 1616 4341 exhibet
1655 4288 1719 4343 Si
1755 4289 2037 4356 peculiaris
2073 4286 2284 4341 librarii
2322 4302 2463 4339 error
2500 4301 2612 4338 esse
2647 4284 2877 4346 videtur,

528 4373 664 4427 unde
701 4374 788 4427 vix
822 4372 1116 4441 quidquam
1154 4373 1480 4427 redundabit
1515 4374 1583 4427 ad
1619 4375 1796 4428 locum
1833 4374 2145 4428 sanandum.

735 4478 795 4544 ⁴⁰)
831 4480 913 4530 De
948 4478 1111 4531 variis
1149 4478 1445 4531 Marsorum
1483 4478 1540 4532 in
1576 4494 1777 4547 angues
1814 4477 2021 4532 viribus
2058 4477 2126 4531 cf.
2153 4476 2336 4529 Burm.
2376 4473 2440 4527 ad
2480 4476 2539 4527 A.
2580 4490 2624 4527 a,
2663 4474 2720 4527 11
2761 4476 2874 4525 102.
